3278 5332
787 362 1010 428 ,24-

394 560 478 646 quod
500 565 536 626 ut
559 558 732 636 conficiam,
757 565 879 647 oportet
901 558 965 625 vim
988 565 1195 646 naturamque
1219 561 1335 626 formae
1357 561 1516 647 impetuo-

287 691 349 746 sae,
375 665 476 754 qualis
498 668 532 732 in
562 667 670 733 libello
694 696 729 736 π.
755 673 780 735 ἑ.
806 674 862 746 est,
897 666 1072 733 accuratius
1109 692 1284 755 exponore;
1308 668 1341 732 id
1365 668 1452 755 quod
1477 692 1516 733 eo

288 772 387 861 magis
410 780 541 862 oportet,
567 775 641 862 quia
663 781 776 840 natura
798 775 884 840 haud
908 775 952 840 ita
968 774 1060 840 facile
1078 775 1272 863 perspicitur.
1321 775 1517 862 quinetiam

288 880 371 947 inter
405 903 466 960 eos¹
500 880 555 968 qui
590 881 628 948 de
663 880 771 946 libello
810 910 845 950 π.
871 887 895 949 ἑ.
932 881 1196 969 scriptitaverunt,
1222 883 1394 948 Hammero
1419 881 1516 948 Liers

289 986 454 1076 opprobrio
479 988 546 1054 dat:
576 1012 655 1054 »non
680 988 847 1075 contigisse
873 989 910 1068 ci,
936 995 971 1054 ut
994 988 1060 1054 vim
1083 998 1142 1059 τοῦ
1166 994 1275 1060 δεινοῦ
1305 996 1516 1082 χαρακτῆρος

288 1094 514 1182 intellegeret«

395 1201 538 1268 videmus
561 1201 646 1267 enim
681 1199 813 1266 form'am
851 1205 964 1290 δεινήν
986 1227 1049 1268 non
1084 1202 1128 1267 sio
1162 1203 1298 1282 tractari,
1322 1207 1359 1268 ut
1392 1203 1517 1291 priores

269 1308 362 1375 illas
385 1315 466 1389 tres;
492 1309 545 1376 sed
570 1333 641 1374 oum
664 1309 791 1374 illarum
814 1334 1022 1396 unaquaeque
1046 1310 1144 1375 libero
1169 1317 1200 1376 et
1224 1311 1325 1376 solute
1349 1334 1368 1375 a
1400 1309 1517 1376 ceteris

290 1414 492 1496 describatur,
517 1423 661 1503 quartam
683 1415 815 1482 formam
839 1416 961 1504 aliquas
995 1441 1044 1483 res
1078 1443 1148 1483 cum
1184 1418 1296 1484 ceteris
1331 1441 1518 1484 communes

288 1524 423 1591 habere:
456 1524 560 1589 minus
583 1548 655 1589 cum
677 1524 797 1602 florida,
821 1524 917 1591 immo
941 1549 1015 1591 varo
1038 1526 1113 1591 huic
1147 1549 1213 1591 esse
1246 1524 1435 1591 contrariam
1461 1523 1515 1614 (cf.

290 1637 310 1714 ἓ
334 1632 429 1716 258);
453 1632 525 1719 plus
549 1655 621 1696 cum
644 1631 743 1707 tenui,
768 1656 902 1718 quacum
920 1632 1115 1698 commisceri
1139 1657 1207 1698 eam
1223 1631 1315 1712 lioet;
1340 1630 1519 1720 plurimum

289 1762 362 1804 vero
385 1737 597 1804 similitudinis
621 1744 661 1840 ap*
685 1743 776 1839 δεινῇ
798 1737 964 1805 intercedit
988 1764 1059 1804 cunr
1083 1739 1183 1804 forma
1205 1739 1303 1826 gravi.
1339 1764 1412 1804 nam
1431 1762 1517 1805 com-

289 1844 397 1911 munia
430 1846 549 1912 habent
582 1847 676 1912 haec:
711 1848 777 1916 τῶν
811 1847 1079 1939 πραγμάτων
1115 1847 1338 1935 descriptiones
1374 1846 1459 1913 iuter
1482 1871 1519 1914 se

289 1951 384 2019 etiam
408 1953 510 2019 verbis
534 1953 748 2041 exemplisque
772 1954 972 2020 consentiunt
995 1955 1029 2042 (ξ
1054 1956 1095 2020 76
1120 1987 1162 2010 =
1187 1960 1206 2036 ξ
1231 1953 1319 2039 240),
1356 1953 1389 2018 in
1413 1977 1519 2020 oom-

289 2058 516 2148 positione
538 2061 617 2126 haec
640 2061 818 2126 communia
840 2063 979 2127 habent:
1004 2065 1064 2150 τήν
1088 2066 1273 2150 ὃυςωωνίαν
1307 2059 1339 2150 (ξ
1362 2063 1518 2143 48-49;

293 2169 355 2233 105
380 2199 424 2224 =
448 2168 526 2246 2463
553 2162 723 2258 rob-58)
746 2175 913 2256 praecepta
936 2183 1009 2262 περὶ
1032 2178 1100 2237 τῶν
1124 2173 1311 2256 συνδέσμων
1334 2167 1397 2256 (ἐξ
1425 2170 1519 2234 53—

293 2276 336 2340 58
360 2307 403 2332 =
427 2275 596 2365 257—58)
620 2278 680 2364 τήν
716 2275 894 2366 ἀναφοράν
931 2274 986 2363 (ἐξ
1022 2278 1153 2342 61-62
1178 2308 1220 2332 =
1245 2276 1324 2362 268)
1348 2279 1408 2364 τήν
1434 2270 1519 2346 α’να-

292 2387 451 2451 utalaam
474 2382 512 2470 (ξ
537 2386 579 2448 66
602 2415 645 2439 =
669 2384 750 2469 267)
784 2389 950 2471 praecepta
973 2392 1126 2474 περὶτῆς
1149 2386 1364 2475 συγκρούσεως
1387 2383 1448 2470 (Q
1473 2385 1519 2450 68

292 2491 380 2554 -74
404 2521 448 2546 =
472 2491 552 2578 299)
575 2489 609 2555 in
632 2490 913 2556 elocutione:
938 2491 1054 2578 legitur
1077 2491 1110 2556 in
1127 2492 1178 2558 IV
1202 2490 1301 2555 forme
1328 2492 1407 2555 haec
1429 2514 1520 2561 men.

290 2595 1518 2690 ᾗοελέξιςδὲλαμβανέσθωπσῖσαὦςένμεγαλοπρεπεῒ(ξ272).

290 2702 510 2790 sedquoniam
536 2710 642 2770 tamen
659 2705 779 2791 aliquid
795 2705 934 2784 interest,
959 2706 1021 2771 loci
1045 2705 1161 2793 singuli
1185 2705 1368 2772 afferantur:
1416 2701 1439 2792 ἤ
1462 2735 1520 2792 με·
1620 2756 1623 2761 -

290 2809 429 2902 ταφορά,
455 2807 476 2899 qt
498 2819 638 2891 εἰκασία,
663 2816 683 2900 ἡ
707 2815 894 2901 παραβολή,
920 2816 962 2880 ναὶ
999 2815 1146 2881 σύνθετα
1182 2813 1332 2898 ὀνόματα
1365 2836 1404 2877 ex
1426 2811 1519 2897 gravi

290 2917 350 3005 (ἐξ
364 2919 509 3006 78-92)
520 2917 553 2982 in
562 2917 772 3005 impetuosam
784 2918 1127 2985 formamdclataesunt
1136 2917 1374 3006 (ξξ272-76).
1400 2917 1520 2985 deinde

290 3022 324 3089 in
348 3030 478 3110 utraque
502 3023 602 3089 forma
624 3024 844 3112 proferuntur:
870 3029 890 3112 ἤ
914 3039 1071 3113 συντομία
1098 3025 1132 3114 (ξ
1159 3027 1330 3092 103=252
1354 3033 1390 3094 ut
1406 3024 1519 3095 σύννο·

291 3161 346 3220 μοι
382 3136 549 3223 περίοδοι).
596 3137 617 3219 ἤ
653 3128 882 3222 υἷπσσιωπησις
918 3131 949 3222 (ἓ
985 3136 1046 3200 103
1071 3167 1114 3190 =
1138 3136 1224 3216 264).
1272 3134 1308 3201 νδ
1344 3136 1520 3222 ποιητικόν

291 3238 352 3326 (βξ
379 3240 529 3304 112-13
553 3271 596 3296 =
620 3239 707 3330 249).

400 3352 475 3412 sunt
498 3346 618 3433 aliquot
641 3347 712 3425 loci,
738 3346 792 3434 qui
815 3352 939 3412 tantum
962 3346 996 3411 in
1019 3347 1107 3433 gravi
1129 3346 1370 3434 praecipiantur,
1394 3345 1429 3410 in
1457 3347 1518 3412 for·

293 3477 345 3520 ma
369 3461 479 3541 quarta
503 3455 624 3520 desint:
649 3460 816 3544 praecepta
839 3455 878 3520 de
911 3456 1059 3540 rhythmo
1083 3459 1124 3536 ἐξ
1148 3454 1279 3519 38-43
1316 3450 1405 3540 (haec
1440 3453 1518 3519 olim

292 3561 326 3627 in
348 3560 526 3649 impotuosa
549 3562 681 3640 inerant,
706 3563 762 3628 sed
797 3561 944 3628 videntur
979 3560 1132 3627 excidisse
1163 3566 1218 3625 aut
1248 3581 1414 3648 suppressa
1448 3583 1519 3627 esse

293 3668 331 3735 ot.
357 3669 380 3757 ξ
406 3671 494 3755 145);
520 3674 540 3758 ἡ
565 3675 804 3758 δυςωωνίανυῖν
829 3672 1000 3757 ὀνομάτων
1024 3674 1043 3750 ξ
1066 3670 1118 3733 49,
1143 3666 1209 3749 (hic
1221 3669 1309 3734 locus
1325 3689 1520 3754 quamquam

292 3776 326 3842 in
349 3801 465 3865 genere
489 3783 599 3864 quarto
616 3777 778 3865 neglectus
796 3784 851 3852 est,
870 3776 995 3842 levioris
1019 3782 1067 3842 est
1089 3774 1241 3841 momenti
1269 3798 1343 3839 eum
1376 3776 1514 3864 neglegi

294 3884 367 3971 quia
390 3882 427 3954 τό
453 3887 659 3973 δύςφθογγον
682 3894 739 3972 τῆς
762 3889 946 3965 συνθέσεως
963 3889 994 3949 et
1016 3884 1037 3970 ἦ
1061 3874 1248 3964 κακδυωνία
1266 3881 1422 3947 uberrime
1438 3879 1523 3950 tracss

293 3997 400 4058 tantur
423 3997 443 4074 ὃ
467 3992 531 4057 246
557 4000 589 4056 et
611 3992 655 4078 ἕξ
679 3989 861 4079 254-58);
886 3991 980 4059 cci-uo?
999 3993 1149 4076 ὀνόματα
1165 3987 1297 4056 τάσσειν
1313 3993 1355 4070 ἐξ
1369 3989 1518 4058 50-52.

171 4092 173 4096 ’
294 4099 390 4185 (quod
412 4104 613 4186 praeceptum
644 4121 707 4163 non
740 4097 773 4162 in
807 4121 935 4184 gravem
964 4097 1058 4161 modo
1091 4094 1225 4160 formam
1260 4095 1352 4174 cadit,
1384 4096 1442 4162 sed
1476 4099 1536 4164 ad'

294 4210 393 4271 totam
430 4210 551 4292 spectat
596 4204 831 4294 elocutionem).
892 4207 934 4272 τοὶ
973 4214 1182 4293 πεποιημένα
1217 4204 1368 4288 ὀνόματα
1404 4202 1427 4290 ξ
1461 4204 1517 4270 94.

294 4313 384 4394 (haec
422 4311 456 4376 in
494 4336 608 4399 genere
642 4311 731 4400 gravi
744 4312 772 4400 ¹)
810 4335 882 4377 cum
925 4311 1122 4377 »nominibus
1155 4308 1350 4397 compositis«
1386 4317 1519 4398 propter

403 4561 424 4635 ¹)
442 4563 471 4621 in
490 4562 586 4617 florida
604 4577 709 4634 quoquc
727 4561 813 4617 forma
832 4560 1033 4630 coniunguntur
1050 4560 1122 4619 inter
1141 4574 1170 4614 sc
1186 4559 1221 4628 ἐξ
1241 4563 1353 4617 143-4.
