<?xml version="1.0" encoding="UTF-8"?>
<!DOCTYPE html PUBLIC "-//W3C//DTD XHTML 1.0 Transitional//EN"
    "http://www.w3.org/TR/xhtml1/DTD/xhtml1-transitional.dtd">
<html xmlns="http://www.w3.org/1999/xhtml" xml:lang="en" lang="en">
 <head>
  <title>
</title>
<meta http-equiv="Content-Type" content="text/html;charset=utf-8" />
  <meta name='ocr-system' content='tesseract 3.04.00' />
  <meta name='ocr-capabilities' content='ocr_page ocr_carea ocr_par ocr_line ocrx_word'/>
</head>
<body>
  <div class='ocr_page' id='page_1' title='image "./libellusperiher00schgoog_0035.png"; bbox 0 0 3278 5332; ppageno 0'>
   <div class='ocr_carea' id='block_1_1' title="bbox 705 338 925 403">
    <p class='ocr_par' dir='ltr' id='par_1_1' title="bbox 705 338 925 403">
     <span class='ocr_line' id='line_1_1' title="bbox 705 338 925 403; baseline -0.009 -15"><span class='ocrx_word' id='word_1_1' title='bbox 705 338 925 403; x_wconf 65' lang='lat'>‚26-</span> 
     </span>
    </p>
   </div>
   <div class='ocr_carea' id='block_1_2' title="bbox 150 514 1432 3931">
    <p class='ocr_par' dir='ltr' id='par_1_2' title="bbox 150 514 1431 2863">
     <span class='ocr_line' id='line_1_2' title="bbox 251 514 1424 604; baseline -0.002 -21"><span class='ocrx_word' id='word_1_2' title='bbox 251 569 254 574; x_wconf 85' lang='lat'>.</span> <span class='ocrx_word' id='word_1_3' title='bbox 313 524 406 604; x_wconf 88' lang='lat' dir='ltr'>atque</span> <span class='ocrx_word' id='word_1_4' title='bbox 430 540 509 603; x_wconf 91' lang='lat' dir='ltr'>quae</span> <span class='ocrx_word' id='word_1_5' title='bbox 533 516 572 581; x_wconf 92' lang='lat' dir='ltr'>de</span> <span class='ocrx_word' id='word_1_6' title='bbox 595 515 672 580; x_wconf 88' lang='lat' dir='ltr'>locis</span> <span class='ocrx_word' id='word_1_7' title='bbox 695 514 828 602; x_wconf 81' lang='lat' dir='ltr'>singulis</span> <span class='ocrx_word' id='word_1_8' title='bbox 852 516 1014 603; x_wconf 89' lang='lat' dir='ltr'>disputans</span> <span class='ocrx_word' id='word_1_9' title='bbox 1037 518 1069 580; x_wconf 91' lang='lat' dir='ltr'>in</span> <span class='ocrx_word' id='word_1_10' title='bbox 1091 515 1274 582; x_wconf 88' lang='lat' dir='ltr'>universum</span> <span class='ocrx_word' id='word_1_11' title='bbox 1307 517 1424 604; x_wconf 91' lang='lat' dir='ltr'>protuli</span> 
     </span>
     <span class='ocr_line' id='line_1_3' title="bbox 206 622 1426 712; baseline -0.002 -21"><span class='ocrx_word' id='word_1_12' title='bbox 206 626 245 691; x_wconf 90' lang='lat' dir='ltr'>de</span> <span class='ocrx_word' id='word_1_13' title='bbox 268 649 419 712; x_wconf 76' lang='lat' dir='ltr'>generum</span> <span class='ocrx_word' id='word_1_14' title='bbox 434 623 563 702; x_wconf 80' lang='lat' dir='ltr'>naturis,</span> <span class='ocrx_word' id='word_1_15' title='bbox 588 622 701 688; x_wconf 87' lang='lat' dir='ltr'>melius</span> <span class='ocrx_word' id='word_1_16' title='bbox 725 629 757 688; x_wconf 91' lang='lat' dir='ltr'>et</span> <span class='ocrx_word' id='word_1_17' title='bbox 772 623 967 688; x_wconf 82' lang='lat' dir='ltr'>manifestius</span> <span class='ocrx_word' id='word_1_18' title='bbox 991 648 1030 688; x_wconf 86' lang='lat' dir='ltr'>ex</span> <span class='ocrx_word' id='word_1_19' title='bbox 1054 623 1156 688; x_wconf 86' lang='lat' dir='ltr'>verbis</span> <span class='ocrx_word' id='word_1_20' title='bbox 1179 623 1315 689; x_wconf 89' lang='lat' dir='ltr'>auctoris</span> <span class='ocrx_word' id='word_1_21' title='bbox 1327 624 1426 712; x_wconf 89' lang='lat' dir='ltr'>ipsius</span> 
     </span>
     <span class='ocr_line' id='line_1_4' title="bbox 204 729 1423 819; baseline 0.001 -21"><span class='ocrx_word' id='word_1_22' title='bbox 204 732 441 819; x_wconf 84' lang='lat' dir='ltr'>intelleguntur,</span> <span class='ocrx_word' id='word_1_23' title='bbox 467 730 581 818; x_wconf 90' lang='lat' dir='ltr'>quibus</span> <span class='ocrx_word' id='word_1_24' title='bbox 593 736 720 795; x_wconf 85' lang='lat' dir='ltr'>naturas</span> <span class='ocrx_word' id='word_1_25' title='bbox 744 729 914 795; x_wconf 84' lang='lat' dir='ltr'>formarum</span> <span class='ocrx_word' id='word_1_26' title='bbox 938 731 1083 797; x_wconf 90' lang='lat' dir='ltr'>illustrat.</span> <span class='ocrx_word' id='word_1_27' title='bbox 1131 755 1205 795; x_wconf 90' lang='lat' dir='ltr'>nam</span> <span class='ocrx_word' id='word_1_28' title='bbox 1228 734 1264 799; x_wconf 77' lang='lat' dir='ltr'>ad</span> <span class='ocrx_word' id='word_1_29' title='bbox 1289 737 1423 818; x_wconf 66' lang='lat' dir='ltr'>perato-</span> 
     </span>
     <span class='ocr_line' id='line_1_5' title="bbox 206 823 1426 932; baseline -0.006 -23"><span class='ocrx_word' id='word_1_30' title='bbox 206 851 328 932; x_wconf 80' lang='grc' dir='ltr'><em>πρεπές</em></span> <span class='ocrx_word' id='word_1_31' title='bbox 351 839 396 904; x_wconf 88' lang='lat' dir='ltr'>ita</span> <span class='ocrx_word' id='word_1_32' title='bbox 419 838 493 917; x_wconf 84' lang='lat' dir='ltr'>fere,</span> <span class='ocrx_word' id='word_1_33' title='bbox 529 844 564 903; x_wconf 91' lang='lat' dir='ltr'>ut</span> <span class='ocrx_word' id='word_1_34' title='bbox 599 839 637 902; x_wconf 85' lang='lat' dir='ltr'>ab</span> <span class='ocrx_word' id='word_1_35' title='bbox 661 837 731 902; x_wconf 90' lang='lat' dir='ltr'>aliis</span> <span class='ocrx_word' id='word_1_36' title='bbox 754 837 940 917; x_wconf 87' lang='lat' dir='ltr'>rhetoribus,</span> <span class='ocrx_word' id='word_1_37' title='bbox 978 823 1163 904; x_wconf 76' lang='lat' dir='ltr'><strong>describitur</strong></span> <span class='ocrx_word' id='word_1_38' title='bbox 1186 863 1204 903; x_wconf 92' lang='lat' dir='ltr'>a</span> <span class='ocrx_word' id='word_1_39' title='bbox 1228 844 1349 904; x_wconf 88' lang='lat' dir='ltr'>nostro:</span> <span class='ocrx_word' id='word_1_40' title='bbox 1377 864 1426 903; x_wconf 81' lang='lat' dir='ltr'>ex-</span> 
     </span>
     <span class='ocr_line' id='line_1_6' title="bbox 206 943 1425 1033; baseline -0.001 -22"><span class='ocrx_word' id='word_1_41' title='bbox 206 945 282 1033; x_wconf 90' lang='lat' dir='ltr'>eipit</span> <span class='ocrx_word' id='word_1_42' title='bbox 320 945 455 1011; x_wconf 79' lang='lat' dir='ltr'>libenter</span> <span class='ocrx_word' id='word_1_43' title='bbox 492 945 657 1009; x_wconf 85' lang='lat' dir='ltr'>verborum</span> <span class='ocrx_word' id='word_1_44' title='bbox 696 943 901 1023; x_wconf 88' lang='lat' dir='ltr'>maiestatem,</span> <span class='ocrx_word' id='word_1_45' title='bbox 942 944 1136 1031; x_wconf 83' lang='lat' dir='ltr'>dignitatem,</span> <span class='ocrx_word' id='word_1_46' title='bbox 1168 945 1425 1026; x_wconf 88' lang='lat' dir='ltr'>multitudinem;</span> 
     </span>
     <span class='ocr_line' id='line_1_7' title="bbox 205 1049 1426 1140; baseline -0.001 -21"><span class='ocrx_word' id='word_1_47' title='bbox 205 1054 323 1119; x_wconf 88' lang='lat' dir='ltr'>elatum</span> <span class='ocrx_word' id='word_1_48' title='bbox 340 1052 433 1131; x_wconf 87' lang='lat' dir='ltr'>enim,</span> <span class='ocrx_word' id='word_1_49' title='bbox 458 1050 668 1138; x_wconf 85' lang='lat' dir='ltr'>magnificum,</span> <span class='ocrx_word' id='word_1_50' title='bbox 694 1052 834 1138; x_wconf 91' lang='lat' dir='ltr'>amplum</span> <span class='ocrx_word' id='word_1_51' title='bbox 857 1059 919 1131; x_wconf 87' lang='lat' dir='ltr'>est;</span> <span class='ocrx_word' id='word_1_52' title='bbox 944 1049 1028 1116; x_wconf 92' lang='lat' dir='ltr'>idem</span> <span class='ocrx_word' id='word_1_53' title='bbox 1052 1075 1125 1117; x_wconf 90' lang='lat' dir='ltr'>vero</span> <span class='ocrx_word' id='word_1_54' title='bbox 1150 1076 1294 1140; x_wconf 91' lang='lat' dir='ltr'>asperum</span> <span class='ocrx_word' id='word_1_55' title='bbox 1318 1061 1351 1118; x_wconf 90' lang='lat' dir='ltr'>et</span> <span class='ocrx_word' id='word_1_56' title='bbox 1375 1055 1426 1118; x_wconf 91' lang='lat' dir='ltr'>ab·</span> 
     </span>
     <span class='ocr_line' id='line_1_8' title="bbox 205 1156 1428 1245; baseline 0 -19"><span class='ocrx_word' id='word_1_57' title='bbox 205 1161 334 1226; x_wconf 91' lang='lat' dir='ltr'>horrens</span> <span class='ocrx_word' id='word_1_58' title='bbox 366 1161 405 1225; x_wconf 90' lang='lat' dir='ltr'>ab</span> <span class='ocrx_word' id='word_1_59' title='bbox 437 1157 595 1237; x_wconf 86' lang='lat' dir='ltr'>laevitate,</span> <span class='ocrx_word' id='word_1_60' title='bbox 637 1156 822 1245; x_wconf 76' lang='lat' dir='ltr'>gracilitate,</span> <span class='ocrx_word' id='word_1_61' title='bbox 855 1158 1044 1238; x_wconf 89' lang='lat' dir='ltr'>subtilitate;</span> <span class='ocrx_word' id='word_1_62' title='bbox 1087 1159 1276 1224; x_wconf 86' lang='lat' dir='ltr'>contrarium</span> <span class='ocrx_word' id='word_1_63' title='bbox 1309 1160 1339 1225; x_wconf 89' lang='lat' dir='ltr'>ei</span> <span class='ocrx_word' id='word_1_64' title='bbox 1379 1167 1428 1227; x_wconf 89' lang='lat' dir='ltr'>est</span> 
     </span>
     <span class='ocr_line' id='line_1_9' title="bbox 204 1264 1429 1359; baseline -0.002 -23"><span class='ocrx_word' id='word_1_65' title='bbox 204 1271 240 1336; x_wconf 78' lang='grc' dir='ltr'>τὸ</span> <span class='ocrx_word' id='word_1_66' title='bbox 279 1279 495 1359; x_wconf 58' lang='lat' dir='ltr'>praecepera&amp;</span> <span class='ocrx_word' id='word_1_67' title='bbox 546 1264 606 1353; x_wconf 87' lang='lat' dir='ltr'>(vel</span> <span class='ocrx_word' id='word_1_68' title='bbox 651 1266 687 1332; x_wconf 74' lang='grc' dir='ltr'>τὸ</span> <span class='ocrx_word' id='word_1_69' title='bbox 733 1271 965 1357; x_wconf 77' lang='grc' dir='ltr'><em>μικρολογεῑν);</em></span> <span class='ocrx_word' id='word_1_70' title='bbox 1011 1265 1123 1330; x_wconf 90' lang='lat' dir='ltr'>vitium</span> <span class='ocrx_word' id='word_1_71' title='bbox 1171 1273 1296 1342; x_wconf 89' lang='lat' dir='ltr'>autem,</span> <span class='ocrx_word' id='word_1_72' title='bbox 1341 1269 1429 1354; x_wconf 92' lang='lat' dir='ltr'>quod</span> 
     </span>
     <span class='ocr_line' id='line_1_10' title="bbox 204 1373 1428 1464; baseline -0.001 -24"><span class='ocrx_word' id='word_1_73' title='bbox 204 1375 234 1441; x_wconf 89' lang='lat' dir='ltr'>ei</span> <span class='ocrx_word' id='word_1_74' title='bbox 258 1374 395 1439; x_wconf 90' lang='lat' dir='ltr'>vicinum</span> <span class='ocrx_word' id='word_1_75' title='bbox 419 1380 474 1452; x_wconf 79' lang='lat' dir='ltr'>est,</span> <span class='ocrx_word' id='word_1_76' title='bbox 500 1373 913 1464; x_wconf 62' lang='grc' dir='ltr'>1113υεθεῐ(τόψυχρόν),</span> <span class='ocrx_word' id='word_1_77' title='bbox 939 1373 1022 1459; x_wconf 94' lang='lat' dir='ltr'>quod</span> <span class='ocrx_word' id='word_1_78' title='bbox 1035 1373 1179 1453; x_wconf 87' lang='lat' dir='ltr'>efficitur,</span> <span class='ocrx_word' id='word_1_79' title='bbox 1204 1373 1231 1439; x_wconf 90' lang='lat' dir='ltr'>si</span> <span class='ocrx_word' id='word_1_80' title='bbox 1246 1373 1337 1461; x_wconf 90' lang='lat' dir='ltr'>copia</span> <span class='ocrx_word' id='word_1_81' title='bbox 1361 1400 1428 1440; x_wconf 86' lang='lat' dir='ltr'>ver·</span> 
     </span>
     <span class='ocr_line' id='line_1_11' title="bbox 204 1479 1428 1571; baseline -0.001 -24"><span class='ocrx_word' id='word_1_82' title='bbox 204 1483 314 1548; x_wconf 89' lang='lat' dir='ltr'>berum</span> <span class='ocrx_word' id='word_1_83' title='bbox 352 1481 445 1546; x_wconf 92' lang='lat' dir='ltr'>nimis</span> <span class='ocrx_word' id='word_1_84' title='bbox 482 1486 696 1567; x_wconf 82' lang='lat' dir='ltr'>exaggeratur.</span> <span class='ocrx_word' id='word_1_85' title='bbox 757 1482 794 1547; x_wconf 69' lang='lat' dir='ltr'>co*</span> <span class='ocrx_word' id='word_1_86' title='bbox 835 1479 944 1549; x_wconf 76' lang='grc' dir='ltr'><strong><em>δεινόν</em></strong></span> <span class='ocrx_word' id='word_1_87' title='bbox 983 1486 1030 1546; x_wconf 91' lang='lat' dir='ltr'>est</span> <span class='ocrx_word' id='word_1_88' title='bbox 1071 1480 1283 1568; x_wconf 91' lang='lat' dir='ltr'>impetuosum</span> <span class='ocrx_word' id='word_1_89' title='bbox 1321 1483 1428 1571; x_wconf 81' lang='grc'>(274),</span> 
     </span>
     <span class='ocr_line' id='line_1_12' title="bbox 204 1587 1430 1677; baseline -0.001 -22"><span class='ocrx_word' id='word_1_90' title='bbox 204 1594 380 1677; x_wconf 90' lang='lat' dir='ltr'>correptum</span> <span class='ocrx_word' id='word_1_91' title='bbox 402 1588 506 1676; x_wconf 85' lang='grc'>(248),</span> <span class='ocrx_word' id='word_1_92' title='bbox 532 1588 695 1653; x_wconf 75' lang='lat' dir='ltr'>audientes</span> <span class='ocrx_word' id='word_1_93' title='bbox 719 1587 948 1674; x_wconf 93' lang='lat' dir='ltr'>quodammodo</span> <span class='ocrx_word' id='word_1_94' title='bbox 979 1587 1156 1674; x_wconf 85' lang='lat' dir='ltr'>percutiens</span> <span class='ocrx_word' id='word_1_95' title='bbox 1179 1589 1288 1676; x_wconf 79' lang='grc'>(274);</span> <span class='ocrx_word' id='word_1_96' title='bbox 1313 1591 1430 1656; x_wconf 91' lang='lat' dir='ltr'>robore</span> 
     </span>
     <span class='ocr_line' id='line_1_13' title="bbox 204 1694 1430 1775; baseline 0 -13"><span class='ocrx_word' id='word_1_97' title='bbox 204 1702 382 1762; x_wconf 84' lang='lat' dir='ltr'>continetur</span> <span class='ocrx_word' id='word_1_98' title='bbox 405 1694 538 1774; x_wconf 87' lang='lat' dir='ltr'>dicendi,</span> <span class='ocrx_word' id='word_1_99' title='bbox 575 1695 737 1773; x_wconf 88' lang='lat' dir='ltr'>brevitate,</span> <span class='ocrx_word' id='word_1_100' title='bbox 774 1694 926 1775; x_wconf 90' lang='lat' dir='ltr'>duritate;</span> <span class='ocrx_word' id='word_1_101' title='bbox 951 1694 1189 1760; x_wconf 88' lang='lat' dir='ltr'>inartificiosum</span> <span class='ocrx_word' id='word_1_102' title='bbox 1214 1702 1260 1761; x_wconf 92' lang='lat' dir='ltr'>est</span> <span class='ocrx_word' id='word_1_103' title='bbox 1283 1703 1314 1762; x_wconf 93' lang='lat' dir='ltr'>et</span> <span class='ocrx_word' id='word_1_104' title='bbox 1338 1698 1430 1762; x_wconf 90' lang='lat' dir='ltr'>terri-</span> 
     </span>
     <span class='ocr_line' id='line_1_14' title="bbox 203 1801 1431 1892; baseline 0.002 -24"><span class='ocrx_word' id='word_1_105' title='bbox 203 1806 298 1869; x_wconf 86' lang='lat' dir='ltr'>ficum</span> <span class='ocrx_word' id='word_1_106' title='bbox 334 1803 446 1892; x_wconf 83' lang='grc'>(300);</span> <span class='ocrx_word' id='word_1_107' title='bbox 484 1802 625 1867; x_wconf 86' lang='lat' dir='ltr'>convicia</span> <span class='ocrx_word' id='word_1_108' title='bbox 660 1802 778 1889; x_wconf 81' lang='lat' dir='ltr'>profert</span> <span class='ocrx_word' id='word_1_109' title='bbox 809 1801 900 1889; x_wconf 82' lang='grc'>(250,</span> <span class='ocrx_word' id='word_1_110' title='bbox 936 1803 1017 1889; x_wconf 85' lang='grc'>301)</span> <span class='ocrx_word' id='word_1_111' title='bbox 1050 1808 1081 1868; x_wconf 91' lang='lat' dir='ltr'>et</span> <span class='ocrx_word' id='word_1_112' title='bbox 1111 1802 1298 1868; x_wconf 88' lang='lat' dir='ltr'>offensiones</span> <span class='ocrx_word' id='word_1_113' title='bbox 1328 1813 1431 1890; x_wconf 85' lang='lat' dir='ltr'>atque</span> 
     </span>
     <span class='ocr_line' id='line_1_15' title="bbox 203 1909 1429 1997; baseline 0.002 -22"><span class='ocrx_word' id='word_1_114' title='bbox 203 1930 327 1977; x_wconf 87' lang='lat' dir='ltr'>omnem</span> <span class='ocrx_word' id='word_1_115' title='bbox 363 1909 564 1976; x_wconf 88' lang='lat' dir='ltr'>acrimoniam</span> <span class='ocrx_word' id='word_1_116' title='bbox 599 1910 689 1996; x_wconf 83' lang='lat' dir='ltr'>quasi</span> <span class='ocrx_word' id='word_1_117' title='bbox 720 1912 900 1997; x_wconf 88' lang='lat' dir='ltr'>profitetur;</span> <span class='ocrx_word' id='word_1_118' title='bbox 934 1934 1007 1974; x_wconf 92' lang='lat' dir='ltr'>nam</span> <span class='ocrx_word' id='word_1_119' title='bbox 1041 1909 1185 1975; x_wconf 87' lang='lat' dir='ltr'>irascitur</span> <span class='ocrx_word' id='word_1_120' title='bbox 1218 1909 1308 1990; x_wconf 86' lang='grc'>(250,</span> <span class='ocrx_word' id='word_1_121' title='bbox 1349 1914 1429 1992; x_wconf 87' lang='grc'>299,</span> 
     </span>
     <span class='ocr_line' id='line_1_16' title="bbox 150 2017 1431 2106; baseline 0.002 -22"><span class='ocrx_word' id='word_1_122' title='bbox 150 2063 153 2068; x_wconf 91' lang='grc'>-</span> <span class='ocrx_word' id='word_1_123' title='bbox 203 2018 280 2106; x_wconf 85' lang='grc'>300)</span> <span class='ocrx_word' id='word_1_124' title='bbox 316 2025 347 2084; x_wconf 89' lang='lat' dir='ltr'>et</span> <span class='ocrx_word' id='word_1_125' title='bbox 370 2018 527 2106; x_wconf 83' lang='lat' dir='ltr'>vituperat</span> <span class='ocrx_word' id='word_1_126' title='bbox 550 2019 657 2104; x_wconf 89' lang='grc'>(241);</span> <span class='ocrx_word' id='word_1_127' title='bbox 683 2017 881 2104; x_wconf 90' lang='lat' dir='ltr'>imperatorie</span> <span class='ocrx_word' id='word_1_128' title='bbox 905 2041 937 2082; x_wconf 92' lang='lat' dir='ltr'>se</span> <span class='ocrx_word' id='word_1_129' title='bbox 960 2017 1042 2104; x_wconf 85' lang='lat' dir='ltr'>gerit</span> <span class='ocrx_word' id='word_1_130' title='bbox 1064 2040 1166 2103; x_wconf 89' lang='lat' dir='ltr'>neque</span> <span class='ocrx_word' id='word_1_131' title='bbox 1188 2041 1238 2082; x_wconf 92' lang='lat' dir='ltr'>res</span> <span class='ocrx_word' id='word_1_132' title='bbox 1261 2019 1431 2106; x_wconf 87' lang='lat' dir='ltr'>perspicue</span> 
     </span>
     <span class='ocr_line' id='line_1_17' title="bbox 203 2124 1429 2214; baseline -0.001 -21"><span class='ocrx_word' id='word_1_133' title='bbox 203 2128 352 2214; x_wconf 89' lang='lat' dir='ltr'>explanat</span> <span class='ocrx_word' id='word_1_134' title='bbox 374 2128 416 2206; x_wconf 79' lang='grc'>(7,</span> <span class='ocrx_word' id='word_1_135' title='bbox 443 2128 538 2211; x_wconf 77' lang='grc'>254);</span> <span class='ocrx_word' id='word_1_136' title='bbox 564 2127 722 2191; x_wconf 91' lang='lat' dir='ltr'>laudando</span> <span class='ocrx_word' id='word_1_137' title='bbox 747 2150 819 2190; x_wconf 88' lang='lat' dir='ltr'>vere</span> <span class='ocrx_word' id='word_1_138' title='bbox 843 2150 875 2190; x_wconf 89' lang='lat' dir='ltr'>se</span> <span class='ocrx_word' id='word_1_139' title='bbox 900 2124 1036 2191; x_wconf 89' lang='lat' dir='ltr'>abstinet</span> <span class='ocrx_word' id='word_1_140' title='bbox 1059 2125 1148 2212; x_wconf 85' lang='lat'>(301)</span> <span class='ocrx_word' id='word_1_141' title='bbox 1179 2130 1210 2189; x_wconf 90' lang='lat' dir='ltr'>et</span> <span class='ocrx_word' id='word_1_142' title='bbox 1234 2125 1429 2211; x_wconf 84' lang='lat' dir='ltr'>elegantiam</span> 
     </span>
     <span class='ocr_line' id='line_1_18' title="bbox 201 2231 1427 2322; baseline -0.001 -24"><span class='ocrx_word' id='word_1_143' title='bbox 201 2232 340 2321; x_wconf 87' lang='lat' dir='ltr'>lepidam</span> <span class='ocrx_word' id='word_1_144' title='bbox 361 2233 486 2320; x_wconf 83' lang='lat' dir='ltr'>fugiens</span> <span class='ocrx_word' id='word_1_145' title='bbox 502 2235 599 2316; x_wconf 84' lang='lat'>(300),</span> <span class='ocrx_word' id='word_1_146' title='bbox 624 2233 811 2299; x_wconf 90' lang='lat' dir='ltr'>contrariam</span> <span class='ocrx_word' id='word_1_147' title='bbox 834 2256 867 2298; x_wconf 90' lang='lat' dir='ltr'>se</span> <span class='ocrx_word' id='word_1_148' title='bbox 882 2234 1011 2321; x_wconf 88' lang='lat' dir='ltr'>praebet</span> <span class='ocrx_word' id='word_1_149' title='bbox 1033 2231 1150 2296; x_wconf 83' lang='lat' dir='ltr'>formae</span> <span class='ocrx_word' id='word_1_150' title='bbox 1173 2231 1301 2297; x_wconf 89' lang='lat' dir='ltr'>floridae</span> <span class='ocrx_word' id='word_1_151' title='bbox 1316 2233 1427 2322; x_wconf 79' lang='lat'>(258).</span> 
     </span>
     <span class='ocr_line' id='line_1_19' title="bbox 201 2337 1430 2428; baseline 0.001 -22"><span class='ocrx_word' id='word_1_152' title='bbox 201 2341 308 2428; x_wconf 86' lang='lat' dir='ltr'>itaque</span> <span class='ocrx_word' id='word_1_153' title='bbox 332 2340 421 2407; x_wconf 90' lang='lat' dir='ltr'>reicit</span> <span class='ocrx_word' id='word_1_154' title='bbox 443 2340 711 2428; x_wconf 91' lang='lat' dir='ltr'>pulchritudinem</span> <span class='ocrx_word' id='word_1_155' title='bbox 734 2340 837 2426; x_wconf 80' lang='grc'>(252),</span> <span class='ocrx_word' id='word_1_156' title='bbox 864 2339 1103 2427; x_wconf 89' lang='lat' dir='ltr'>amplitudinem</span> <span class='ocrx_word' id='word_1_157' title='bbox 1133 2337 1233 2426; x_wconf 88' lang='grc'>(240),</span> <span class='ocrx_word' id='word_1_158' title='bbox 1258 2339 1430 2407; x_wconf 90' lang='lat' dir='ltr'>lenitatem</span> 
     </span>
     <span class='ocr_line' id='line_1_20' title="bbox 202 2446 1429 2538; baseline -0.001 -25"><span class='ocrx_word' id='word_1_159' title='bbox 202 2446 314 2538; x_wconf 88' lang='grc'>(260);</span> <span class='ocrx_word' id='word_1_160' title='bbox 339 2447 468 2514; x_wconf 91' lang='lat' dir='ltr'>minime</span> <span class='ocrx_word' id='word_1_161' title='bbox 480 2449 562 2514; x_wconf 89' lang='lat' dir='ltr'>ludit</span> <span class='ocrx_word' id='word_1_162' title='bbox 573 2450 660 2528; x_wconf 80' lang='lat'>(250,</span> <span class='ocrx_word' id='word_1_163' title='bbox 679 2449 758 2533; x_wconf 87' lang='lat'>300)</span> <span class='ocrx_word' id='word_1_164' title='bbox 769 2449 792 2532; x_wconf 85' lang='lat'>¹)</span> <span class='ocrx_word' id='word_1_165' title='bbox 809 2471 910 2535; x_wconf 90' lang='lat' dir='ltr'>neque</span> <span class='ocrx_word' id='word_1_166' title='bbox 921 2448 1075 2513; x_wconf 86' lang='lat' dir='ltr'>rationem</span> <span class='ocrx_word' id='word_1_167' title='bbox 1091 2452 1175 2511; x_wconf 87' lang='lat' dir='ltr'>amat</span> <span class='ocrx_word' id='word_1_168' title='bbox 1188 2446 1429 2517; x_wconf 89' lang='lat' dir='ltr'>demonstrandi</span> 
     </span>
     <span class='ocr_line' id='line_1_21' title="bbox 202 2553 1430 2646; baseline 0.002 -26"><span class='ocrx_word' id='word_1_169' title='bbox 202 2555 304 2646; x_wconf 86' lang='grc'>(400).</span> <span class='ocrx_word' id='word_1_170' title='bbox 352 2555 473 2635; x_wconf 84' lang='lat' dir='ltr'>vitium,</span> <span class='ocrx_word' id='word_1_171' title='bbox 499 2555 626 2642; x_wconf 88' lang='lat' dir='ltr'>quodei</span> <span class='ocrx_word' id='word_1_172' title='bbox 650 2561 697 2620; x_wconf 90' lang='lat' dir='ltr'>est</span> <span class='ocrx_word' id='word_1_173' title='bbox 709 2554 856 2632; x_wconf 85' lang='lat' dir='ltr'>vicinum,</span> <span class='ocrx_word' id='word_1_174' title='bbox 881 2559 917 2624; x_wconf 77' lang='grc' dir='ltr'>τὸ</span> <span class='ocrx_word' id='word_1_175' title='bbox 942 2557 1044 2642; x_wconf 75' lang='grc' dir='ltr'><strong><em>ἄχαρι</em></strong></span> <span class='ocrx_word' id='word_1_176' title='bbox 1062 2560 1116 2632; x_wconf 80' lang='lat' dir='ltr'>est,</span> <span class='ocrx_word' id='word_1_177' title='bbox 1142 2553 1226 2639; x_wconf 89' lang='lat' dir='ltr'>qued</span> <span class='ocrx_word' id='word_1_178' title='bbox 1249 2577 1298 2619; x_wconf 89' lang='lat' dir='ltr'>res</span> <span class='ocrx_word' id='word_1_179' title='bbox 1315 2560 1430 2643; x_wconf 89' lang='lat' dir='ltr'>turpes</span> 
     </span>
     <span class='ocr_line' id='line_1_22' title="bbox 201 2660 1431 2751; baseline 0.002 -24"><span class='ocrx_word' id='word_1_180' title='bbox 201 2662 370 2749; x_wconf 88' lang='lat' dir='ltr'>foedasque</span> <span class='ocrx_word' id='word_1_181' title='bbox 394 2669 500 2751; x_wconf 90' lang='lat' dir='ltr'>aperte</span> <span class='ocrx_word' id='word_1_182' title='bbox 523 2664 697 2751; x_wconf 88' lang='lat' dir='ltr'>proclamat</span> <span class='ocrx_word' id='word_1_183' title='bbox 724 2668 755 2727; x_wconf 94' lang='lat' dir='ltr'>et</span> <span class='ocrx_word' id='word_1_184' title='bbox 792 2662 930 2750; x_wconf 90' lang='lat' dir='ltr'>speciem</span> <span class='ocrx_word' id='word_1_185' title='bbox 961 2663 1059 2728; x_wconf 89' lang='lat' dir='ltr'>habet</span> <span class='ocrx_word' id='word_1_186' title='bbox 1083 2660 1250 2727; x_wconf 87' lang='lat' dir='ltr'>discissam.</span> <span class='ocrx_word' id='word_1_187' title='bbox 1267 2661 1431 2750; x_wconf 88' lang='lat' dir='ltr'>nimisque</span> 
     </span>
     <span class='ocr_line' id='line_1_23' title="bbox 202 2793 840 2863; baseline -0.002 -27"><span class='ocrx_word' id='word_1_188' title='bbox 202 2793 352 2859; x_wconf 88' lang='lat' dir='ltr'>asperam.</span> <span class='ocrx_word' id='word_1_189' title='bbox 836 2858 840 2863; x_wconf 24' lang='grc' dir='ltr'>Ι</span> 
     </span>
    </p>

    <p class='ocr_par' dir='ltr' id='par_1_3' title="bbox 200 2875 1430 3394">
     <span class='ocr_line' id='line_1_24' title="bbox 308 2875 1426 2965; baseline -0.001 -22"><span class='ocrx_word' id='word_1_190' title='bbox 308 2883 377 2943; x_wconf 89' lang='lat' dir='ltr'>tum</span> <span class='ocrx_word' id='word_1_191' title='bbox 399 2877 682 2965; x_wconf 71' lang='lat' dir='ltr'>adhibentur2)</span> <span class='ocrx_word' id='word_1_192' title='bbox 717 2876 925 2943; x_wconf 81' lang='lat' dir='ltr'>diversissime</span> <span class='ocrx_word' id='word_1_193' title='bbox 948 2876 1030 2941; x_wconf 91' lang='lat' dir='ltr'>inter</span> <span class='ocrx_word' id='word_1_194' title='bbox 1054 2900 1087 2942; x_wconf 90' lang='lat' dir='ltr'>se</span> <span class='ocrx_word' id='word_1_195' title='bbox 1110 2878 1170 2941; x_wconf 91' lang='lat' dir='ltr'>hae</span> <span class='ocrx_word' id='word_1_196' title='bbox 1184 2876 1266 2941; x_wconf 92' lang='lat' dir='ltr'>duae</span> <span class='ocrx_word' id='word_1_197' title='bbox 1291 2875 1426 2944; x_wconf 85' lang='lat' dir='ltr'>formae.</span> 
     </span>
     <span class='ocr_line' id='line_1_25' title="bbox 201 2981 1427 3070; baseline 0 -20"><span class='ocrx_word' id='word_1_198' title='bbox 201 3010 273 3051; x_wconf 91' lang='lat' dir='ltr'>nam</span> <span class='ocrx_word' id='word_1_199' title='bbox 297 2987 401 3051; x_wconf 91' lang='lat' dir='ltr'>elucet</span> <span class='ocrx_word' id='word_1_200' title='bbox 424 2991 553 3070; x_wconf 87' lang='lat' dir='ltr'>quartae</span> <span class='ocrx_word' id='word_1_201' title='bbox 566 2984 683 3050; x_wconf 84' lang='lat' dir='ltr'>formae</span> <span class='ocrx_word' id='word_1_202' title='bbox 697 2983 928 3051; x_wconf 85' lang='lat' dir='ltr'>vehementiam</span> <span class='ocrx_word' id='word_1_203' title='bbox 952 2984 991 3048; x_wconf 91' lang='lat' dir='ltr'>ad</span> <span class='ocrx_word' id='word_1_204' title='bbox 1015 2984 1197 3049; x_wconf 89' lang='lat' dir='ltr'>contionum</span> <span class='ocrx_word' id='word_1_205' title='bbox 1220 2981 1427 3050; x_wconf 87' lang='lat' dir='ltr'>iudiciorum·</span> 
     </span>
     <span class='ocr_line' id='line_1_26' title="bbox 201 3089 1430 3181; baseline 0 -23"><span class='ocrx_word' id='word_1_206' title='bbox 201 3117 262 3180; x_wconf 89' lang='lat' dir='ltr'>que</span> <span class='ocrx_word' id='word_1_207' title='bbox 285 3092 450 3180; x_wconf 88' lang='lat' dir='ltr'>strepitum</span> <span class='ocrx_word' id='word_1_208' title='bbox 483 3100 588 3181; x_wconf 90' lang='lat' dir='ltr'>aptam</span> <span class='ocrx_word' id='word_1_209' title='bbox 623 3117 698 3171; x_wconf 90' lang='lat' dir='ltr'>esse,</span> <span class='ocrx_word' id='word_1_210' title='bbox 731 3092 850 3180; x_wconf 87' lang='lat' dir='ltr'>primae</span> <span class='ocrx_word' id='word_1_211' title='bbox 874 3115 946 3157; x_wconf 90' lang='lat' dir='ltr'>vero</span> <span class='ocrx_word' id='word_1_212' title='bbox 970 3089 1235 3178; x_wconf 74' lang='lat' dir='ltr'>magnificentiam</span> <span class='ocrx_word' id='word_1_213' title='bbox 1260 3089 1361 3178; x_wconf 83' lang='lat' dir='ltr'>magis</span> <span class='ocrx_word' id='word_1_214' title='bbox 1387 3093 1430 3159; x_wconf 90' lang='lat' dir='ltr'>ad</span> 
     </span>
     <span class='ocr_line' id='line_1_27' title="bbox 200 3197 1430 3287; baseline 0.001 -22"><span class='ocrx_word' id='word_1_215' title='bbox 200 3200 306 3278; x_wconf 88' lang='lat' dir='ltr'>libros,</span> <span class='ocrx_word' id='word_1_216' title='bbox 337 3199 391 3286; x_wconf 93' lang='lat' dir='ltr'>qui</span> <span class='ocrx_word' id='word_1_217' title='bbox 413 3198 613 3280; x_wconf 85' lang='lat' dir='ltr'>lectitantur;</span> <span class='ocrx_word' id='word_1_218' title='bbox 638 3200 724 3265; x_wconf 89' lang='lat' dir='ltr'>idem</span> <span class='ocrx_word' id='word_1_219' title='bbox 741 3199 876 3265; x_wconf 88' lang='lat' dir='ltr'>efficitur</span> <span class='ocrx_word' id='word_1_220' title='bbox 900 3223 939 3263; x_wconf 86' lang='lat' dir='ltr'>ex</span> <span class='ocrx_word' id='word_1_221' title='bbox 963 3198 1124 3287; x_wconf 85' lang='lat' dir='ltr'>exemplis,</span> <span class='ocrx_word' id='word_1_222' title='bbox 1156 3197 1268 3284; x_wconf 90' lang='lat' dir='ltr'>quibus</span> <span class='ocrx_word' id='word_1_223' title='bbox 1291 3206 1430 3266; x_wconf 88' lang='lat' dir='ltr'>naturae</span> 
     </span>
     <span class='ocr_line' id='line_1_28' title="bbox 200 3306 1192 3394; baseline -0.003 -22"><span class='ocrx_word' id='word_1_224' title='bbox 200 3307 416 3373; x_wconf 85' lang='lat' dir='ltr'>illustrantur:</span> <span class='ocrx_word' id='word_1_225' title='bbox 440 3306 522 3372; x_wconf 89' lang='lat' dir='ltr'>inter</span> <span class='ocrx_word' id='word_1_226' title='bbox 545 3309 691 3394; x_wconf 81' lang='lat' dir='ltr'>exempla</span> <span class='ocrx_word' id='word_1_227' title='bbox 714 3307 799 3373; x_wconf 89' lang='lat' dir='ltr'>enim</span> <span class='ocrx_word' id='word_1_228' title='bbox 822 3306 940 3394; x_wconf 88' lang='lat' dir='ltr'>primae</span> <span class='ocrx_word' id='word_1_229' title='bbox 964 3306 1081 3372; x_wconf 88' lang='lat' dir='ltr'>formae</span> <span class='ocrx_word' id='word_1_230' title='bbox 1104 3311 1192 3370; x_wconf 85' lang='lat' dir='ltr'>sunt:</span> 
     </span>
    </p>

    <p class='ocr_par' dir='ltr' id='par_1_4' title="bbox 199 3410 1432 3717">
     <span class='ocr_line' id='line_1_29' title="bbox 200 3410 1429 3507; baseline -0.001 -27"><span class='ocrx_word' id='word_1_231' title='bbox 200 3414 325 3482; x_wconf 87' lang='lat' dir='ltr'>XXIV</span> <span class='ocrx_word' id='word_1_232' title='bbox 339 3416 483 3502; x_wconf 89' lang='lat' dir='ltr'>exempla</span> <span class='ocrx_word' id='word_1_233' title='bbox 497 3422 553 3503; x_wconf 77' lang='grc' dir='ltr'>τῆς</span> <span class='ocrx_word' id='word_1_234' title='bbox 575 3425 734 3507; x_wconf 71' lang='grc' dir='ltr'><em>γραφικῆς</em></span> <span class='ocrx_word' id='word_1_235' title='bbox 751 3415 917 3481; x_wconf 90' lang='lat' dir='ltr'>orationis:</span> <span class='ocrx_word' id='word_1_236' title='bbox 935 3416 970 3479; x_wconf 90' lang='lat' dir='ltr'>X</span> <span class='ocrx_word' id='word_1_237' title='bbox 987 3413 1203 3500; x_wconf 75' lang='lat' dir='ltr'>Thucydides,</span> <span class='ocrx_word' id='word_1_238' title='bbox 1229 3410 1303 3480; x_wconf 90' lang='lat' dir='ltr'>VII</span> <span class='ocrx_word' id='word_1_239' title='bbox 1316 3413 1429 3479; x_wconf 85' lang='lat' dir='ltr'>Xeno-</span> 
     </span>
     <span class='ocr_line' id='line_1_30' title="bbox 306 3520 1313 3610; baseline 0.001 -24"><span class='ocrx_word' id='word_1_240' title='bbox 306 3524 453 3610; x_wconf 89' lang='lat' dir='ltr'>phontea,</span> <span class='ocrx_word' id='word_1_241' title='bbox 478 3522 536 3586; x_wconf 90' lang='lat' dir='ltr'>III</span> <span class='ocrx_word' id='word_1_242' title='bbox 560 3522 734 3600; x_wconf 86' lang='lat' dir='ltr'>Platonica,</span> <span class='ocrx_word' id='word_1_243' title='bbox 759 3522 798 3587; x_wconf 94' lang='lat' dir='ltr'>II</span> <span class='ocrx_word' id='word_1_244' title='bbox 820 3521 1034 3601; x_wconf 66' lang='lat' dir='ltr'>Aristoteliam</span> <span class='ocrx_word' id='word_1_245' title='bbox 1059 3522 1097 3586; x_wconf 86' lang='lat' dir='ltr'>II</span> <span class='ocrx_word' id='word_1_246' title='bbox 1121 3520 1313 3587; x_wconf 90' lang='lat' dir='ltr'>Herodotea.</span> 
     </span>
     <span class='ocr_line' id='line_1_31' title="bbox 199 3625 1432 3717; baseline -0.002 -23"><span class='ocrx_word' id='word_1_247' title='bbox 199 3628 293 3694; x_wconf 89' lang='lat' dir='ltr'>XXI</span> <span class='ocrx_word' id='word_1_248' title='bbox 332 3628 477 3717; x_wconf 86' lang='lat' dir='ltr'>exempla</span> <span class='ocrx_word' id='word_1_249' title='bbox 520 3628 659 3715; x_wconf 74' lang='lat' dir='ltr'>poetica:</span> <span class='ocrx_word' id='word_1_250' title='bbox 695 3629 825 3696; x_wconf 83' lang='lat' dir='ltr'>XVIII</span> <span class='ocrx_word' id='word_1_251' title='bbox 866 3627 1046 3708; x_wconf 88' lang='lat' dir='ltr'>Homerica,</span> <span class='ocrx_word' id='word_1_252' title='bbox 1094 3628 1134 3692; x_wconf 91' lang='lat' dir='ltr'>II</span> <span class='ocrx_word' id='word_1_253' title='bbox 1179 3625 1432 3714; x_wconf 67' lang='lat' dir='ltr'>dithyrambica.</span> 
     </span>
    </p>

    <p class='ocr_par' dir='ltr' id='par_1_5' title="bbox 199 3734 1059 3931">
     <span class='ocr_line' id='line_1_32' title="bbox 306 3734 598 3823; baseline 0 -23"><span class='ocrx_word' id='word_1_254' title='bbox 306 3737 327 3801; x_wconf 90' lang='lat' dir='ltr'>I</span> <span class='ocrx_word' id='word_1_255' title='bbox 349 3734 598 3823; x_wconf 77' lang='lat' dir='ltr'>Theognideum.</span> 
     </span>
     <span class='ocr_line' id='line_1_33' title="bbox 199 3842 1059 3931; baseline 0 -23"><span class='ocrx_word' id='word_1_256' title='bbox 199 3843 239 3909; x_wconf 93' lang='lat' dir='ltr'>II</span> <span class='ocrx_word' id='word_1_257' title='bbox 262 3843 415 3909; x_wconf 91' lang='lat' dir='ltr'>oratoria:</span> <span class='ocrx_word' id='word_1_258' title='bbox 441 3843 459 3908; x_wconf 92' lang='lat' dir='ltr'>I</span> <span class='ocrx_word' id='word_1_259' title='bbox 483 3842 742 3931; x_wconf 89' lang='lat' dir='ltr'>Antiphonteum,</span> <span class='ocrx_word' id='word_1_260' title='bbox 767 3843 1059 3910; x_wconf 83' lang='lat' dir='ltr'>Demosthenicum.</span> 
     </span>
    </p>
   </div>
   <div class='ocr_carea' id='block_1_3' title="bbox 201 4061 517 4070">
    <p class='ocr_par' dir='ltr' id='par_1_6' title="bbox 201 4061 517 4070">
     <span class='ocr_line' id='line_1_34' title="bbox 201 4061 517 4070; baseline -0.009 0"><span class='ocrx_word' id='word_1_261' title='bbox 201 4061 517 4070; x_wconf 76' lang='lat'>-—-.------——-—-</span> 
     </span>
    </p>
   </div>
   <div class='ocr_carea' id='block_1_4' title="bbox 306 4180 1430 4251">
    <p class='ocr_par' dir='ltr' id='par_1_7' title="bbox 306 4180 1430 4251">
     <span class='ocr_line' id='line_1_35' title="bbox 306 4180 1430 4251; baseline 0.001 -13"><span class='ocrx_word' id='word_1_262' title='bbox 306 4182 326 4251; x_wconf 82' lang='grc'>1)</span> <span class='ocrx_word' id='word_1_263' title='bbox 344 4183 410 4238; x_wconf 87' lang='lat' dir='ltr'>alibi</span> <span class='ocrx_word' id='word_1_264' title='bbox 438 4184 507 4238; x_wconf 89' lang='lat' dir='ltr'>sales</span> <span class='ocrx_word' id='word_1_265' title='bbox 535 4183 718 4237; x_wconf 87' lang='lat' dir='ltr'>conceduntur</span> <span class='ocrx_word' id='word_1_266' title='bbox 745 4181 778 4250; x_wconf 89' lang='lat' dir='ltr'>ei,</span> <span class='ocrx_word' id='word_1_267' title='bbox 806 4181 835 4235; x_wconf 88' lang='lat' dir='ltr'>id</span> <span class='ocrx_word' id='word_1_268' title='bbox 863 4182 933 4248; x_wconf 86' lang='lat' dir='ltr'>quod</span> <span class='ocrx_word' id='word_1_269' title='bbox 962 4180 1023 4234; x_wconf 88' lang='lat' dir='ltr'>hnic</span> <span class='ocrx_word' id='word_1_270' title='bbox 1051 4186 1192 4249; x_wconf 85' lang='lat' dir='ltr'>praecepto</span> <span class='ocrx_word' id='word_1_271' title='bbox 1230 4185 1304 4235; x_wconf 88' lang='lat' dir='ltr'>certe</span> <span class='ocrx_word' id='word_1_272' title='bbox 1331 4182 1430 4238; x_wconf 85' lang='lat' dir='ltr'>adver·</span> 
     </span>
    </p>
   </div>
   <div class='ocr_carea' id='block_1_5' title="bbox 199 4274 1432 4431">
    <p class='ocr_par' dir='ltr' id='par_1_8' title="bbox 199 4274 1432 4431">
     <span class='ocr_line' id='line_1_36' title="bbox 199 4278 483 4329; baseline 0.004 -1"><span class='ocrx_word' id='word_1_273' title='bbox 199 4278 275 4329; x_wconf 89' lang='lat' dir='ltr'>satur</span> <span class='ocrx_word' id='word_1_274' title='bbox 337 4279 388 4328; x_wconf 78' lang='lat'>259</span> <span class='ocrx_word' id='word_1_275' title='bbox 408 4288 421 4327; x_wconf 89' lang='lat' dir='ltr'>s</span> <span class='ocrx_word' id='word_1_276' title='bbox 460 4316 483 4329; x_wconf 89' lang='lat'>..</span> 
     </span>
     <span class='ocr_line' id='line_1_37' title="bbox 292 4274 1432 4431; baseline 0.001 -15"><span class='ocrx_word' id='word_1_277' title='bbox 292 4274 328 4431; x_wconf 57' lang='grc' dir='ltr'>(ξ)</span> <span class='ocrx_word' id='word_1_278' title='bbox 347 4275 572 4416; x_wconf 66' lang='lat' dir='ltr'>formisqdiversa</span> <span class='ocrx_word' id='word_1_279' title='bbox 590 4364 649 4426; x_wconf 77' lang='grc' dir='ltr'>τέλη</span> <span class='ocrx_word' id='word_1_280' title='bbox 670 4367 791 4429; x_wconf 83' lang='lat' dir='ltr'>spectare</span> <span class='ocrx_word' id='word_1_281' title='bbox 809 4361 854 4415; x_wconf 86' lang='lat' dir='ltr'>vel</span> <span class='ocrx_word' id='word_1_282' title='bbox 872 4377 905 4415; x_wconf 87' lang='lat' dir='ltr'>ex</span> <span class='ocrx_word' id='word_1_283' title='bbox 924 4360 1098 4414; x_wconf 85' lang='lat' dir='ltr'>adnotatione</span> <span class='ocrx_word' id='word_1_284' title='bbox 1112 4358 1229 4413; x_wconf 87' lang='lat' dir='ltr'>auctoris</span> <span class='ocrx_word' id='word_1_285' title='bbox 1242 4374 1326 4426; x_wconf 88' lang='lat' dir='ltr'>supra</span> <span class='ocrx_word' id='word_1_286' title='bbox 1339 4360 1432 4416; x_wconf 83' lang='lat' dir='ltr'>citata</span> 
     </span>
    </p>
   </div>
   <div class='ocr_carea' id='block_1_6' title="bbox 199 4444 1431 4601">
    <p class='ocr_par' dir='ltr' id='par_1_9' title="bbox 199 4444 1431 4601">
     <span class='ocr_line' id='line_1_38' title="bbox 199 4444 1431 4523; baseline 0 -18"><span class='ocrx_word' id='word_1_287' title='bbox 199 4452 381 4521; x_wconf 81' lang='lat' dir='ltr'>intellegitur:</span> <span class='ocrx_word' id='word_1_288' title='bbox 403 4453 472 4512; x_wconf 74' lang='grc' dir='ltr'><strong><em>λέξις</em></strong></span> <span class='ocrx_word' id='word_1_289' title='bbox 490 4453 520 4503; x_wconf 68' lang='lat' dir='ltr'>dr*</span> <span class='ocrx_word' id='word_1_290' title='bbox 538 4454 719 4523; x_wconf 74' lang='grc' dir='ltr'><em>λαμβανέσθω</em></span> <span class='ocrx_word' id='word_1_291' title='bbox 738 4456 809 4502; x_wconf 80' lang='grc' dir='ltr'><em>πᾶσα</em></span> <span class='ocrx_word' id='word_1_292' title='bbox 829 4448 874 4515; x_wconf 84' lang='grc' dir='ltr'>ὅση</span> <span class='ocrx_word' id='word_1_293' title='bbox 894 4452 938 4502; x_wconf 79' lang='grc' dir='ltr'>καὶ</span> <span class='ocrx_word' id='word_1_294' title='bbox 957 4451 986 4503; x_wconf 73' lang='grc' dir='ltr'>ἐν</span> <span class='ocrx_word' id='word_1_295' title='bbox 1004 4455 1042 4521; x_wconf 73' lang='grc' dir='ltr'>τῷ</span> <span class='ocrx_word' id='word_1_296' title='bbox 1060 4449 1264 4521; x_wconf 62' lang='grc' dir='ltr'>μεγαλοπρεπεῖ,</span> <span class='ocrx_word' id='word_1_297' title='bbox 1284 4444 1359 4512; x_wconf 64' lang='lat' dir='ltr'>atriu</span> <span class='ocrx_word' id='word_1_298' title='bbox 1376 4449 1431 4507; x_wconf 72' lang='grc' dir='ltr'>,οὐκ</span> 
     </span>
     <span class='ocr_line' id='line_1_39' title="bbox 200 4538 540 4601; baseline 0 -9"><span class='ocrx_word' id='word_1_299' title='bbox 200 4538 409 4597; x_wconf 65' lang='lat' dir='ltr'>enarrarre</span> <span class='ocrx_word' id='word_1_300' title='bbox 429 4542 540 4601; x_wconf 74' lang='grc' dir='ltr'>τέλος,</span> 
     </span>
    </p>
   </div>
   <div class='ocr_carea' id='block_1_7' title="bbox 0 0 1644 5332">
    <p class='ocr_par' dir='ltr' id='par_1_10' title="bbox 0 0 1644 5332">
     <span class='ocr_line' id='line_1_40' title="bbox 0 0 1644 5332; baseline 0 1"><span class='ocrx_word' id='word_1_301' title='bbox 0 0 1644 5332; x_wconf 95' lang='lat' dir='ltr'> </span> 
     </span>
    </p>
   </div>
  </div>
 </body>
</html>
