<?xml version="1.0" encoding="UTF-8"?>
<!DOCTYPE html PUBLIC "-//W3C//DTD XHTML 1.0 Transitional//EN"
    "http://www.w3.org/TR/xhtml1/DTD/xhtml1-transitional.dtd">
<html xmlns="http://www.w3.org/1999/xhtml" xml:lang="en" lang="en">
 <head>
  <title>
</title>
<meta http-equiv="Content-Type" content="text/html;charset=utf-8" />
  <meta name='ocr-system' content='tesseract 3.04.00' />
  <meta name='ocr-capabilities' content='ocr_page ocr_carea ocr_par ocr_line ocrx_word'/>
</head>
<body>
  <div class='ocr_page' id='page_1' title='image "./libellusperiher00schgoog_0027.png"; bbox 0 0 3278 5332; ppageno 0'>
   <div class='ocr_carea' id='block_1_1' title="bbox 826 344 1046 411">
    <p class='ocr_par' dir='ltr' id='par_1_1' title="bbox 826 344 1046 411">
     <span class='ocr_line' id='line_1_1' title="bbox 826 344 1046 411; baseline -0.005 -17"><span class='ocrx_word' id='word_1_1' title='bbox 826 344 1046 411; x_wconf 68' lang='lat'>..18-</span> 
     </span>
    </p>
   </div>
   <div class='ocr_carea' id='block_1_2' title="bbox 319 542 1557 2881">
    <p class='ocr_par' dir='ltr' id='par_1_2' title="bbox 319 542 1557 2881">
     <span class='ocr_line' id='line_1_2' title="bbox 326 542 1556 634; baseline 0.001 -26"><span class='ocrx_word' id='word_1_2' title='bbox 326 543 422 620; x_wconf 79' lang='grc' dir='ltr'><strong><em>εἰναι,</em></strong></span> <span class='ocrx_word' id='word_1_3' title='bbox 448 542 467 630; x_wconf 81' lang='grc' dir='ltr'><em>ἦ</em></span> <span class='ocrx_word' id='word_1_4' title='bbox 493 544 591 634; x_wconf 72' lang='grc' dir='ltr'><strong><em>ἀρετή</em></strong></span> <span class='ocrx_word' id='word_1_5' title='bbox 617 547 637 631; x_wconf 87' lang='grc' dir='ltr'><strong><em>ή</em></strong></span> <span class='ocrx_word' id='word_1_6' title='bbox 663 544 718 610; x_wconf 75' lang='grc' dir='ltr'>δια</span> <span class='ocrx_word' id='word_1_7' title='bbox 743 547 811 609; x_wconf 79' lang='grc' dir='ltr'><strong><em>τοῖν</em></strong></span> <span class='ocrx_word' id='word_1_8' title='bbox 835 555 952 629; x_wconf 98' lang='grc' dir='ltr'><strong><em>κυρίων</em></strong></span> <span class='ocrx_word' id='word_1_9' title='bbox 975 569 1010 609; x_wconf 91' lang='grc' dir='ltr'><strong><em>κε</em></strong></span> <span class='ocrx_word' id='word_1_10' title='bbox 1034 554 1090 608; x_wconf 89' lang='grc' dir='ltr'><strong><em>καί</em></strong></span> <span class='ocrx_word' id='word_1_11' title='bbox 1114 549 1232 610; x_wconf 78' lang='grc' dir='ltr'><strong><em>κοινῶν</em></strong></span> <span class='ocrx_word' id='word_1_12' title='bbox 1256 549 1313 610; x_wconf 77' lang='grc' dir='ltr'>καὶ</span> <span class='ocrx_word' id='word_1_13' title='bbox 1328 543 1365 609; x_wconf 76' lang='grc' dir='ltr'>ἰν</span> <span class='ocrx_word' id='word_1_14' title='bbox 1387 554 1475 633; x_wconf 83' lang='grc' dir='ltr'><strong><em>μέσῳ</em></strong></span> <span class='ocrx_word' id='word_1_15' title='bbox 1493 573 1556 611; x_wconf 87' lang='grc' dir='ltr'><strong><em>κει·</em></strong></span> 
     </span>
     <span class='ocr_line' id='line_1_3' title="bbox 325 646 1556 740; baseline 0 -24"><span class='ocrx_word' id='word_1_16' title='bbox 325 660 434 732; x_wconf 85' lang='grc' dir='ltr'><strong><em>μένων</em></strong></span> <span class='ocrx_word' id='word_1_17' title='bbox 460 648 634 736; x_wconf 73' lang='grc' dir='ltr'><strong><em>ὀνομάτων</em></strong></span> <span class='ocrx_word' id='word_1_18' title='bbox 658 652 836 739; x_wconf 70' lang='grc' dir='ltr'><strong><em>ἐκφέρουσα</em></strong></span> <span class='ocrx_word' id='word_1_19' title='bbox 860 650 902 715; x_wconf 79' lang='grc' dir='ltr'><strong><em>τοὶ</em></strong></span> <span class='ocrx_word' id='word_1_20' title='bbox 927 648 1098 733; x_wconf 88' lang='grc' dir='ltr'><strong><em>νοούμενα,</em></strong></span> <span class='ocrx_word' id='word_1_21' title='bbox 1122 653 1142 735; x_wconf 82' lang='grc' dir='ltr'><strong><em>ή</em></strong></span> <span class='ocrx_word' id='word_1_22' title='bbox 1166 646 1336 736; x_wconf 87' lang='grc' dir='ltr'><strong><em>σαφήνεια,</em></strong></span> <span class='ocrx_word' id='word_1_23' title='bbox 1362 649 1399 716; x_wconf 86' lang='grc' dir='ltr'><strong><em>τό</em></strong></span> <span class='ocrx_word' id='word_1_24' title='bbox 1423 652 1556 740; x_wconf 75' lang='grc' dir='ltr'><strong><em>βραχύν</em></strong></span> 
     </span>
     <span class='ocr_line' id='line_1_4' title="bbox 326 754 1554 847; baseline 0.002 -25"><span class='ocrx_word' id='word_1_25' title='bbox 326 758 421 834; x_wconf 74' lang='grc' dir='ltr'><strong><em>εἶναι,</em></strong></span> <span class='ocrx_word' id='word_1_26' title='bbox 436 760 456 844; x_wconf 84' lang='grc' dir='ltr'><strong><em>ή</em></strong></span> <span class='ocrx_word' id='word_1_27' title='bbox 473 756 571 847; x_wconf 81' lang='grc' dir='ltr'><strong><em>οἷρετή</em></strong></span> <span class='ocrx_word' id='word_1_28' title='bbox 590 787 608 845; x_wconf 92' lang='grc' dir='ltr'><strong><em>η</em></strong></span> <span class='ocrx_word' id='word_1_29' title='bbox 629 767 846 846; x_wconf 88' lang='grc' dir='ltr'><strong><em>συστρέφουσα</em></strong></span> <span class='ocrx_word' id='word_1_30' title='bbox 862 755 904 822; x_wconf 79' lang='grc' dir='ltr'>τα</span> <span class='ocrx_word' id='word_1_31' title='bbox 922 755 1070 842; x_wconf 75' lang='grc' dir='ltr'><strong><em>νοήματα</em></strong></span> <span class='ocrx_word' id='word_1_32' title='bbox 1087 769 1143 824; x_wconf 86' lang='grc' dir='ltr'><strong><em>καί</em></strong></span> <span class='ocrx_word' id='word_1_33' title='bbox 1160 754 1357 847; x_wconf 75' lang='grc' dir='ltr'><strong><em>στρογγύλως</em></strong></span> <span class='ocrx_word' id='word_1_34' title='bbox 1372 759 1554 847; x_wconf 66' lang='grc' dir='ltr'><strong><em>ἐκφέρουσα</em></strong></span> 
     </span>
     <span class='ocr_line' id='line_1_5' title="bbox 325 861 1555 951; baseline -0.002 -21"><span class='ocrx_word' id='word_1_35' title='bbox 325 864 385 943; x_wconf 77' lang='grc' dir='ltr'>τοίς</span> <span class='ocrx_word' id='word_1_36' title='bbox 402 868 511 944; x_wconf 78' lang='grc' dir='ltr'><strong><em>λέξεις,</em></strong></span> <span class='ocrx_word' id='word_1_37' title='bbox 530 867 549 950; x_wconf 82' lang='grc' dir='ltr'><strong><em>ή</em></strong></span> <span class='ocrx_word' id='word_1_38' title='bbox 567 865 731 951; x_wconf 67' lang='grc' dir='ltr'><strong><em>ἐνάργεια,</em></strong></span> <span class='ocrx_word' id='word_1_39' title='bbox 750 861 770 949; x_wconf 71' lang='lat' dir='ltr'>&#39;l</span> <span class='ocrx_word' id='word_1_40' title='bbox 787 864 958 948; x_wconf 75' lang='grc' dir='ltr'><strong><em>ἠθοποιΐα.</em></strong></span> <span class='ocrx_word' id='word_1_41' title='bbox 984 863 1067 949; x_wconf 91' lang='lat' dir='ltr'>apud</span> <span class='ocrx_word' id='word_1_42' title='bbox 1080 862 1314 946; x_wconf 75' lang='lat' dir='ltr'>Quintilianum</span> <span class='ocrx_word' id='word_1_43' title='bbox 1327 864 1387 928; x_wconf 86' lang='lat' dir='ltr'>hee</span> <span class='ocrx_word' id='word_1_44' title='bbox 1398 889 1405 931; x_wconf 90' lang='lat'>:</span> <span class='ocrx_word' id='word_1_45' title='bbox 1416 864 1441 949; x_wconf 69' lang='lat'>¹)</span> <span class='ocrx_word' id='word_1_46' title='bbox 1455 866 1555 929; x_wconf 87' lang='lat' dir='ltr'>verba</span> 
     </span>
     <span class='ocr_line' id='line_1_6' title="bbox 325 968 1553 1057; baseline 0.001 -23"><span class='ocrx_word' id='word_1_47' title='bbox 325 969 449 1056; x_wconf 84' lang='lat' dir='ltr'>singula</span> <span class='ocrx_word' id='word_1_48' title='bbox 471 969 534 1036; x_wconf 89' lang='lat' dir='ltr'>sint</span> <span class='ocrx_word' id='word_1_49' title='bbox 555 969 662 1044; x_wconf 85' lang='lat' dir='ltr'>latine,</span> <span class='ocrx_word' id='word_1_50' title='bbox 687 968 862 1056; x_wconf 84' lang='lat' dir='ltr'>perspicua,</span> <span class='ocrx_word' id='word_1_51' title='bbox 887 976 1005 1044; x_wconf 85' lang='lat' dir='ltr'>omata</span> <span class='ocrx_word' id='word_1_52' title='bbox 1030 975 1120 1057; x_wconf 86' lang='lat' dir='ltr'>apta;</span> <span class='ocrx_word' id='word_1_53' title='bbox 1146 970 1313 1035; x_wconf 89' lang='lat' dir='ltr'>ooniunota</span> <span class='ocrx_word' id='word_1_54' title='bbox 1347 970 1411 1035; x_wconf 90' lang='lat' dir='ltr'>sint</span> <span class='ocrx_word' id='word_1_55' title='bbox 1448 994 1553 1036; x_wconf 92' lang='lat' dir='ltr'>emen·</span> 
     </span>
     <span class='ocr_line' id='line_1_7' title="bbox 326 1076 1554 1165; baseline 0 -23"><span class='ocrx_word' id='word_1_56' title='bbox 326 1076 408 1155; x_wconf 88' lang='lat' dir='ltr'>data,</span> <span class='ocrx_word' id='word_1_57' title='bbox 434 1083 506 1165; x_wconf 90' lang='lat' dir='ltr'>apte</span> <span class='ocrx_word' id='word_1_58' title='bbox 530 1078 691 1154; x_wconf 89' lang='lat' dir='ltr'>oollooata,</span> <span class='ocrx_word' id='word_1_59' title='bbox 716 1077 858 1161; x_wconf 86' lang='lat' dir='ltr'>figurata.</span> <span class='ocrx_word' id='word_1_60' title='bbox 894 1083 1018 1162; x_wconf 87' lang='lat' dir='ltr'>praeter</span> <span class='ocrx_word' id='word_1_61' title='bbox 1032 1077 1089 1141; x_wconf 85' lang='lat' dir='ltr'>has</span> <span class='ocrx_word' id='word_1_62' title='bbox 1114 1076 1244 1142; x_wconf 90' lang='lat' dir='ltr'>virtutes</span> <span class='ocrx_word' id='word_1_63' title='bbox 1260 1077 1449 1143; x_wconf 83' lang='lat' dir='ltr'>necessarias</span> <span class='ocrx_word' id='word_1_64' title='bbox 1470 1078 1554 1142; x_wconf 91' lang='lat' dir='ltr'>Dio·</span> 
     </span>
     <span class='ocr_line' id='line_1_8' title="bbox 324 1179 1554 1274; baseline 0.005 -27"><span class='ocrx_word' id='word_1_65' title='bbox 324 1183 432 1270; x_wconf 87' lang='lat' dir='ltr'>nysius</span> <span class='ocrx_word' id='word_1_66' title='bbox 445 1184 520 1249; x_wconf 86' lang='lat' dir='ltr'>Hal.</span> <span class='ocrx_word' id='word_1_67' title='bbox 539 1182 659 1274; x_wconf 78' lang='grc' dir='ltr'><strong><em>οἰρετοὶς</em></strong></span> <span class='ocrx_word' id='word_1_68' title='bbox 672 1184 848 1262; x_wconf 70' lang='grc' dir='ltr'><strong><em>ἐπιθέτους</em></strong></span> <span class='ocrx_word' id='word_1_69' title='bbox 867 1190 1097 1262; x_wconf 79' lang='lat' dir='ltr'><strong>commemorat,</strong></span> <span class='ocrx_word' id='word_1_70' title='bbox 1122 1187 1160 1263; x_wconf 71' lang='grc' dir='ltr'>ἐξ</span> <span class='ocrx_word' id='word_1_71' title='bbox 1176 1179 1224 1250; x_wconf 72' lang='grc' dir='ltr'><strong><em>τόν</em></strong></span> <span class='ocrx_word' id='word_1_72' title='bbox 1239 1187 1383 1272; x_wconf 82' lang='grc' dir='ltr'><strong><em>μάλιστα</em></strong></span> <span class='ocrx_word' id='word_1_73' title='bbox 1398 1188 1554 1274; x_wconf 79' lang='grc' dir='ltr'><strong><em>διάδηλος</em></strong></span> 
     </span>
     <span class='ocr_line' id='line_1_9' title="bbox 323 1290 1553 1384; baseline -0.001 -25"><span class='ocrx_word' id='word_1_74' title='bbox 323 1295 344 1379; x_wconf 84' lang='grc' dir='ltr'><strong><em>ή</em></strong></span> <span class='ocrx_word' id='word_1_75' title='bbox 357 1300 416 1362; x_wconf 79' lang='grc' dir='ltr'><strong><em>τοῦ</em></strong></span> <span class='ocrx_word' id='word_1_76' title='bbox 428 1291 558 1383; x_wconf 78' lang='grc' dir='ltr'><strong><em>ῥήτορος</em></strong></span> <span class='ocrx_word' id='word_1_77' title='bbox 569 1306 696 1376; x_wconf 88' lang='grc' dir='ltr'><strong><em>γίνεται</em></strong></span> <span class='ocrx_word' id='word_1_78' title='bbox 713 1292 861 1377; x_wconf 89' lang='grc' dir='ltr'><strong><em>δύναμις.</em></strong></span> <span class='ocrx_word' id='word_1_79' title='bbox 875 1314 991 1378; x_wconf 78' lang='lat' dir='ltr'>paucas</span> <span class='ocrx_word' id='word_1_80' title='bbox 1001 1291 1091 1356; x_wconf 86' lang='lat' dir='ltr'>affert</span> <span class='ocrx_word' id='word_1_81' title='bbox 1101 1290 1136 1377; x_wconf 77' lang='lat'>²):</span> <span class='ocrx_word' id='word_1_82' title='bbox 1150 1290 1186 1358; x_wconf 81' lang='grc' dir='ltr'><strong><em>τό</em></strong></span> <span class='ocrx_word' id='word_1_83' title='bbox 1201 1291 1298 1384; x_wconf 78' lang='grc' dir='ltr'><strong><em>ύψος,</em></strong></span> <span class='ocrx_word' id='word_1_84' title='bbox 1311 1292 1372 1378; x_wconf 82' lang='grc' dir='ltr'><strong><em>τήν</em></strong></span> <span class='ocrx_word' id='word_1_85' title='bbox 1384 1295 1553 1383; x_wconf 89' lang='grc' dir='ltr'><strong><em>καλλιρρη-</em></strong></span> 
     </span>
     <span class='ocr_line' id='line_1_10' title="bbox 323 1397 1554 1490; baseline -0.002 -24"><span class='ocrx_word' id='word_1_86' title='bbox 323 1400 479 1489; x_wconf 77' lang='grc' dir='ltr'><strong><em>μοσύνην,</em></strong></span> <span class='ocrx_word' id='word_1_87' title='bbox 503 1397 564 1486; x_wconf 87' lang='grc' dir='ltr'><strong><em>τήν</em></strong></span> <span class='ocrx_word' id='word_1_88' title='bbox 588 1402 808 1490; x_wconf 69' lang='grc' dir='ltr'><strong><em>σεμνολογίαν,</em></strong></span> <span class='ocrx_word' id='word_1_89' title='bbox 835 1400 894 1483; x_wconf 82' lang='grc' dir='ltr'><strong><em>τήν</em></strong></span> <span class='ocrx_word' id='word_1_90' title='bbox 908 1402 1203 1489; x_wconf 82' lang='grc' dir='ltr'><strong><em>μεγαλοπρέπειαν.</em></strong></span> <span class='ocrx_word' id='word_1_91' title='bbox 1241 1398 1279 1464; x_wconf 91' lang='lat' dir='ltr'>de</span> <span class='ocrx_word' id='word_1_92' title='bbox 1302 1397 1370 1464; x_wconf 91' lang='lat' dir='ltr'>istis</span> <span class='ocrx_word' id='word_1_93' title='bbox 1382 1398 1554 1464; x_wconf 84' lang='lat' dir='ltr'>virtutibus</span> 
     </span>
     <span class='ocr_line' id='line_1_11' title="bbox 323 1503 1553 1594; baseline 0.002 -24"><span class='ocrx_word' id='word_1_94' title='bbox 323 1505 481 1594; x_wconf 81' lang='lat' dir='ltr'>sophistae</span> <span class='ocrx_word' id='word_1_95' title='bbox 501 1529 563 1571; x_wconf 90' lang='lat' dir='ltr'>non</span> <span class='ocrx_word' id='word_1_96' title='bbox 588 1505 680 1569; x_wconf 92' lang='lat' dir='ltr'><strong>modo</strong></span> <span class='ocrx_word' id='word_1_97' title='bbox 697 1527 810 1569; x_wconf 91' lang='lat' dir='ltr'>nomen</span> <span class='ocrx_word' id='word_1_98' title='bbox 823 1508 961 1584; x_wconf 81' lang='grc' dir='ltr'><strong><em>,,ἰδέας“</em></strong></span> <span class='ocrx_word' id='word_1_99' title='bbox 974 1503 1181 1592; x_wconf 84' lang='lat' dir='ltr'>arripuerunt,</span> <span class='ocrx_word' id='word_1_100' title='bbox 1197 1504 1252 1570; x_wconf 90' lang='lat' dir='ltr'>sed</span> <span class='ocrx_word' id='word_1_101' title='bbox 1276 1504 1371 1570; x_wconf 89' lang='lat' dir='ltr'>etiam</span> <span class='ocrx_word' id='word_1_102' title='bbox 1383 1507 1553 1593; x_wconf 89' lang='lat' dir='ltr'>plerasque</span> 
     </span>
     <span class='ocr_line' id='line_1_12' title="bbox 332 1610 1554 1700; baseline 0 -21"><span class='ocrx_word' id='word_1_103' title='bbox 332 1616 409 1693; x_wconf 78' lang='grc' dir='ltr'><strong><em>δεας</em></strong></span> <span class='ocrx_word' id='word_1_104' title='bbox 423 1612 506 1700; x_wconf 90' lang='lat' dir='ltr'>ipsas</span> <span class='ocrx_word' id='word_1_105' title='bbox 521 1610 658 1677; x_wconf 84' lang='lat' dir='ltr'>mutuati</span> <span class='ocrx_word' id='word_1_106' title='bbox 682 1616 765 1676; x_wconf 91' lang='lat' dir='ltr'>sunt.</span> <span class='ocrx_word' id='word_1_107' title='bbox 804 1610 963 1695; x_wconf 85' lang='lat' dir='ltr'>quievero</span> <span class='ocrx_word' id='word_1_108' title='bbox 980 1613 1039 1691; x_wconf 79' lang='grc' dir='ltr'>τοίς</span> <span class='ocrx_word' id='word_1_109' title='bbox 1052 1615 1144 1693; x_wconf 83' lang='grc' dir='ltr'><strong><em>ἰδέας</em></strong></span> <span class='ocrx_word' id='word_1_110' title='bbox 1167 1636 1222 1700; x_wconf 94' lang='lat' dir='ltr'>pro</span> <span class='ocrx_word' id='word_1_111' title='bbox 1239 1611 1347 1677; x_wconf 86' lang='lat' dir='ltr'>formis</span> <span class='ocrx_word' id='word_1_112' title='bbox 1358 1612 1427 1678; x_wconf 88' lang='lat' dir='ltr'>istis</span> <span class='ocrx_word' id='word_1_113' title='bbox 1440 1613 1554 1679; x_wconf 90' lang='lat' dir='ltr'>substi-</span> 
     </span>
     <span class='ocr_line' id='line_1_13' title="bbox 336 1717 1555 1806; baseline 0.001 -21"><span class='ocrx_word' id='word_1_114' title='bbox 336 1721 476 1799; x_wconf 90' lang='lat' dir='ltr'>tuebant,</span> <span class='ocrx_word' id='word_1_115' title='bbox 501 1742 578 1806; x_wconf 92' lang='lat' dir='ltr'>opus</span> <span class='ocrx_word' id='word_1_116' title='bbox 602 1725 669 1784; x_wconf 89' lang='lat' dir='ltr'>erat</span> <span class='ocrx_word' id='word_1_117' title='bbox 691 1736 763 1797; x_wconf 78' lang='grc' dir='ltr'><strong><em>ταῖς</em></strong></span> <span class='ocrx_word' id='word_1_118' title='bbox 787 1721 889 1798; x_wconf 80' lang='grc' dir='ltr'><strong><em>ἰδέαις</em></strong></span> <span class='ocrx_word' id='word_1_119' title='bbox 912 1717 1034 1783; x_wconf 85' lang='lat' dir='ltr'>traditis</span> <span class='ocrx_word' id='word_1_120' title='bbox 1057 1742 1154 1783; x_wconf 87' lang='lat' dir='ltr'>novas</span> <span class='ocrx_word' id='word_1_121' title='bbox 1189 1725 1221 1784; x_wconf 93' lang='lat' dir='ltr'>et</span> <span class='ocrx_word' id='word_1_122' title='bbox 1254 1742 1353 1806; x_wconf 90' lang='lat' dir='ltr'>usque</span> <span class='ocrx_word' id='word_1_123' title='bbox 1385 1719 1555 1786; x_wconf 84' lang='lat' dir='ltr'>inusitatas</span> 
     </span>
     <span class='ocr_line' id='line_1_14' title="bbox 336 1824 1555 1913; baseline 0.001 -20"><span class='ocrx_word' id='word_1_124' title='bbox 336 1827 517 1913; x_wconf 79' lang='lat' dir='ltr'>adiungere,</span> <span class='ocrx_word' id='word_1_125' title='bbox 541 1831 578 1891; x_wconf 92' lang='lat' dir='ltr'>ut</span> <span class='ocrx_word' id='word_1_126' title='bbox 599 1849 633 1891; x_wconf 94' lang='lat' dir='ltr'>re</span> <span class='ocrx_word' id='word_1_127' title='bbox 656 1849 729 1890; x_wconf 86' lang='lat' dir='ltr'>vera</span> <span class='ocrx_word' id='word_1_128' title='bbox 752 1824 893 1890; x_wconf 88' lang='lat' dir='ltr'>omnium</span> <span class='ocrx_word' id='word_1_129' title='bbox 921 1825 1046 1890; x_wconf 83' lang='lat' dir='ltr'>dicendi</span> <span class='ocrx_word' id='word_1_130' title='bbox 1080 1827 1243 1892; x_wconf 92' lang='lat' dir='ltr'>modorum</span> <span class='ocrx_word' id='word_1_131' title='bbox 1277 1827 1433 1893; x_wconf 87' lang='lat' dir='ltr'>elementa</span> <span class='ocrx_word' id='word_1_132' title='bbox 1467 1829 1555 1894; x_wconf 89' lang='lat' dir='ltr'>hune</span> 
     </span>
     <span class='ocr_line' id='line_1_15' title="bbox 321 1931 1555 2022; baseline 0.002 -23"><span class='ocrx_word' id='word_1_133' title='bbox 321 1934 355 1999; x_wconf 91' lang='lat' dir='ltr'>in</span> <span class='ocrx_word' id='word_1_134' title='bbox 389 1933 531 1999; x_wconf 83' lang='lat' dir='ltr'><strong>ordinem</strong></span> <span class='ocrx_word' id='word_1_135' title='bbox 565 1931 790 2018; x_wconf 73' lang='lat' dir='ltr'>redigerentur.</span> <span class='ocrx_word' id='word_1_136' title='bbox 839 1940 968 2020; x_wconf 89' lang='lat' dir='ltr'>apparet</span> <span class='ocrx_word' id='word_1_137' title='bbox 1006 1957 1057 1998; x_wconf 90' lang='lat' dir='ltr'>eas</span> <span class='ocrx_word' id='word_1_138' title='bbox 1081 1937 1182 2014; x_wconf 82' lang='grc' dir='ltr'><strong><em>ἰδέας,</em></strong></span> <span class='ocrx_word' id='word_1_139' title='bbox 1215 1956 1295 2019; x_wconf 89' lang='lat' dir='ltr'>quae</span> <span class='ocrx_word' id='word_1_140' title='bbox 1330 1959 1385 2022; x_wconf 93' lang='lat' dir='ltr'>pro</span> <span class='ocrx_word' id='word_1_141' title='bbox 1418 1935 1555 2022; x_wconf 87' lang='lat' dir='ltr'>singulis</span> 
     </span>
     <span class='ocr_line' id='line_1_16' title="bbox 322 2039 1553 2118; baseline 0.002 -12"><span class='ocrx_word' id='word_1_142' title='bbox 322 2041 429 2107; x_wconf 84' lang='lat' dir='ltr'>formis</span> <span class='ocrx_word' id='word_1_143' title='bbox 451 2039 732 2118; x_wconf 84' lang='lat' dir='ltr'>substituebantur,</span> <span class='ocrx_word' id='word_1_144' title='bbox 757 2064 820 2104; x_wconf 89' lang='lat' dir='ltr'>non</span> <span class='ocrx_word' id='word_1_145' title='bbox 844 2039 1007 2105; x_wconf 86' lang='lat' dir='ltr'>universae</span> <span class='ocrx_word' id='word_1_146' title='bbox 1045 2041 1231 2106; x_wconf 78' lang='lat' dir='ltr'>elocutionis</span> <span class='ocrx_word' id='word_1_147' title='bbox 1266 2066 1446 2109; x_wconf 76' lang='lat' dir='ltr'>communes</span> <span class='ocrx_word' id='word_1_148' title='bbox 1483 2067 1553 2108; x_wconf 88' lang='lat' dir='ltr'>esse</span> 
     </span>
     <span class='ocr_line' id='line_1_17' title="bbox 326 2145 1555 2238; baseline 0.002 -24"><span class='ocrx_word' id='word_1_149' title='bbox 326 2149 474 2238; x_wconf 91' lang='lat' dir='ltr'>potuisse.</span> <span class='ocrx_word' id='word_1_150' title='bbox 523 2152 618 2233; x_wconf 85' lang='lat' dir='ltr'>utque</span> <span class='ocrx_word' id='word_1_151' title='bbox 641 2147 724 2234; x_wconf 85' lang='lat' dir='ltr'>apud</span> <span class='ocrx_word' id='word_1_152' title='bbox 750 2146 924 2212; x_wconf 83' lang='lat' dir='ltr'>Aristidem</span> <span class='ocrx_word' id='word_1_153' title='bbox 938 2145 960 2236; x_wconf 84' lang='grc'>3)</span> <span class='ocrx_word' id='word_1_154' title='bbox 985 2149 1042 2212; x_wconf 88' lang='lat' dir='ltr'>has</span> <span class='ocrx_word' id='word_1_155' title='bbox 1066 2151 1157 2228; x_wconf 80' lang='grc' dir='ltr'><strong><em>ἰδέας</em></strong></span> <span class='ocrx_word' id='word_1_156' title='bbox 1185 2148 1379 2215; x_wconf 89' lang='lat' dir='ltr'>invenimus:</span> <span class='ocrx_word' id='word_1_157' title='bbox 1404 2152 1465 2235; x_wconf 82' lang='grc' dir='ltr'><strong><em>τήν</em></strong></span> <span class='ocrx_word' id='word_1_158' title='bbox 1482 2173 1555 2237; x_wconf 88' lang='grc' dir='ltr'><strong><em>σεμ-</em></strong></span> 
     </span>
     <span class='ocr_line' id='line_1_18' title="bbox 322 2251 1553 2345; baseline -0.001 -19"><span class='ocrx_word' id='word_1_159' title='bbox 322 2259 452 2345; x_wconf 88' lang='grc' dir='ltr'><strong><em>νότητα,</em></strong></span> <span class='ocrx_word' id='word_1_160' title='bbox 477 2254 538 2344; x_wconf 84' lang='grc' dir='ltr'><strong><em>τήν</em></strong></span> <span class='ocrx_word' id='word_1_161' title='bbox 561 2257 742 2345; x_wconf 74' lang='grc' dir='ltr'><strong><em>βαρύτητα,</em></strong></span> <span class='ocrx_word' id='word_1_162' title='bbox 769 2251 829 2342; x_wconf 86' lang='grc' dir='ltr'><strong><em>τήν</em></strong></span> <span class='ocrx_word' id='word_1_163' title='bbox 853 2257 1039 2344; x_wconf 73' lang='grc' dir='ltr'><strong><em>περιβολήν,</em></strong></span> <span class='ocrx_word' id='word_1_164' title='bbox 1063 2257 1124 2342; x_wconf 85' lang='grc' dir='ltr'><strong><em>τήν</em></strong></span> <span class='ocrx_word' id='word_1_165' title='bbox 1148 2259 1368 2334; x_wconf 80' lang='grc' dir='ltr'><strong><em>οἷξιοπιστίαν,</em></strong></span> <span class='ocrx_word' id='word_1_166' title='bbox 1394 2259 1454 2345; x_wconf 84' lang='grc' dir='ltr'><strong><em>τήν</em></strong></span> <span class='ocrx_word' id='word_1_167' title='bbox 1479 2281 1553 2345; x_wconf 90' lang='grc' dir='ltr'><strong><em>σφο-</em></strong></span> 
     </span>
     <span class='ocr_line' id='line_1_19' title="bbox 322 2362 1557 2455; baseline -0.001 -22"><span class='ocrx_word' id='word_1_168' title='bbox 322 2366 473 2455; x_wconf 87' lang='grc' dir='ltr'><strong><em>δρότητα,</em></strong></span> <span class='ocrx_word' id='word_1_169' title='bbox 497 2364 557 2450; x_wconf 86' lang='grc' dir='ltr'><strong><em>τήν</em></strong></span> <span class='ocrx_word' id='word_1_170' title='bbox 581 2362 730 2449; x_wconf 72' lang='grc' dir='ltr'><strong><em>ἔμφασιν,</em></strong></span> <span class='ocrx_word' id='word_1_171' title='bbox 766 2365 826 2448; x_wconf 84' lang='grc' dir='ltr'><strong><em>τήν</em></strong></span> <span class='ocrx_word' id='word_1_172' title='bbox 861 2365 1118 2451; x_wconf 85' lang='grc' dir='ltr'><strong><em>δεινότητα,</em></strong></span> <span class='ocrx_word' id='word_1_173' title='bbox 1156 2364 1216 2450; x_wconf 83' lang='grc' dir='ltr'><strong><em>τήν</em></strong></span> <span class='ocrx_word' id='word_1_174' title='bbox 1252 2366 1454 2451; x_wconf 75' lang='grc' dir='ltr'><strong><em>ἐπιμέλειαν,</em></strong></span> <span class='ocrx_word' id='word_1_175' title='bbox 1493 2367 1557 2449; x_wconf 82' lang='grc' dir='ltr'><strong><em>τήν</em></strong></span> 
     </span>
     <span class='ocr_line' id='line_1_20' title="bbox 319 2467 1554 2562; baseline 0.002 -23"><span class='ocrx_word' id='word_1_176' title='bbox 319 2470 585 2557; x_wconf 85' lang='grc' dir='ltr'><strong><em>γλυκύτητα,</em></strong></span> <span class='ocrx_word' id='word_1_177' title='bbox 634 2467 694 2555; x_wconf 77' lang='grc' dir='ltr'><strong><em>τήν</em></strong></span> <span class='ocrx_word' id='word_1_178' title='bbox 740 2472 980 2557; x_wconf 80' lang='grc' dir='ltr'><strong><em>σαφήνειαν</em></strong></span> <span class='ocrx_word' id='word_1_179' title='bbox 1026 2480 1082 2539; x_wconf 82' lang='grc' dir='ltr'>καὶ</span> <span class='ocrx_word' id='word_1_180' title='bbox 1128 2475 1436 2562; x_wconf 68' lang='grc' dir='ltr'><strong><em>καθαρότητα,</em></strong></span> <span class='ocrx_word' id='word_1_181' title='bbox 1491 2474 1554 2559; x_wconf 85' lang='grc' dir='ltr'><strong><em>τήν</em></strong></span> 
     </span>
     <span class='ocr_line' id='line_1_21' title="bbox 319 2576 1552 2669; baseline -0.002 -23"><span class='ocrx_word' id='word_1_182' title='bbox 319 2580 580 2669; x_wconf 74' lang='grc' dir='ltr'><strong><em>βραχύτητα</em></strong></span> <span class='ocrx_word' id='word_1_183' title='bbox 616 2589 673 2644; x_wconf 81' lang='grc' dir='ltr'><strong><em>καί</em></strong></span> <span class='ocrx_word' id='word_1_184' title='bbox 695 2578 769 2662; x_wconf 82' lang='grc' dir='ltr'><strong><em>τήν</em></strong></span> <span class='ocrx_word' id='word_1_185' title='bbox 801 2591 1054 2663; x_wconf 77' lang='grc' dir='ltr'><strong><em>συντομίαν,</em></strong></span> <span class='ocrx_word' id='word_1_186' title='bbox 1086 2576 1146 2663; x_wconf 81' lang='grc' dir='ltr'><strong><em>τήν</em></strong></span> <span class='ocrx_word' id='word_1_187' title='bbox 1169 2582 1314 2647; x_wconf 86' lang='grc' dir='ltr'><strong><em>κόλασιν.</em></strong></span> <span class='ocrx_word' id='word_1_188' title='bbox 1362 2578 1446 2665; x_wconf 92' lang='lat' dir='ltr'>apud</span> <span class='ocrx_word' id='word_1_189' title='bbox 1469 2578 1552 2644; x_wconf 86' lang='lat' dir='ltr'>Her·</span> 
     </span>
     <span class='ocr_line' id='line_1_22' title="bbox 320 2681 1553 2774; baseline 0.004 -24"><span class='ocrx_word' id='word_1_190' title='bbox 320 2684 521 2772; x_wconf 72' lang='lat' dir='ltr'>megenem4)</span> <span class='ocrx_word' id='word_1_191' title='bbox 540 2685 616 2752; x_wconf 85' lang='lat' dir='ltr'>has:</span> <span class='ocrx_word' id='word_1_192' title='bbox 640 2685 700 2769; x_wconf 82' lang='grc' dir='ltr'><strong><em>τήν</em></strong></span> <span class='ocrx_word' id='word_1_193' title='bbox 724 2682 942 2772; x_wconf 87' lang='grc' dir='ltr'><strong><em>σαφήνεια</em></strong></span> <span class='ocrx_word' id='word_1_194' title='bbox 954 2713 991 2759; x_wconf 89' lang='grc' dir='ltr'>ν,</span> <span class='ocrx_word' id='word_1_195' title='bbox 1016 2706 1097 2770; x_wconf 89' lang='lat' dir='ltr'>quae</span> <span class='ocrx_word' id='word_1_196' title='bbox 1125 2685 1264 2751; x_wconf 85' lang='lat' dir='ltr'>eontinet</span> <span class='ocrx_word' id='word_1_197' title='bbox 1279 2689 1339 2774; x_wconf 83' lang='grc' dir='ltr'><strong><em>τήν</em></strong></span> <span class='ocrx_word' id='word_1_198' title='bbox 1365 2681 1553 2773; x_wconf 81' lang='grc' dir='ltr'><strong><em>εύκρίνειαν</em></strong></span> 
     </span>
     <span class='ocr_line' id='line_1_23' title="bbox 321 2792 1553 2881; baseline -0.001 -19"><span class='ocrx_word' id='word_1_199' title='bbox 321 2805 378 2862; x_wconf 79' lang='grc' dir='ltr'>καὶ</span> <span class='ocrx_word' id='word_1_200' title='bbox 401 2794 461 2880; x_wconf 85' lang='grc' dir='ltr'><strong><em>τήν</em></strong></span> <span class='ocrx_word' id='word_1_201' title='bbox 496 2793 811 2879; x_wconf 74' lang='grc' dir='ltr'><strong><em>καθαρότητα,</em></strong></span> <span class='ocrx_word' id='word_1_202' title='bbox 848 2793 884 2858; x_wconf 88' lang='grc' dir='ltr'><strong><em>τδ</em></strong></span> <span class='ocrx_word' id='word_1_203' title='bbox 909 2797 1060 2874; x_wconf 81' lang='grc' dir='ltr'><strong><em>μέγεθος,</em></strong></span> <span class='ocrx_word' id='word_1_204' title='bbox 1084 2793 1168 2876; x_wconf 88' lang='lat' dir='ltr'>quod</span> <span class='ocrx_word' id='word_1_205' title='bbox 1193 2792 1333 2858; x_wconf 88' lang='lat' dir='ltr'>eontinet</span> <span class='ocrx_word' id='word_1_206' title='bbox 1355 2795 1416 2880; x_wconf 85' lang='grc' dir='ltr'><strong><em>τήν</em></strong></span> <span class='ocrx_word' id='word_1_207' title='bbox 1439 2797 1553 2881; x_wconf 85' lang='grc' dir='ltr'><strong><em>σεμνό-</em></strong></span> 
     </span>
    </p>
   </div>
   <div class='ocr_carea' id='block_1_3' title="bbox 319 2895 1551 3309">
    <p class='ocr_par' dir='ltr' id='par_1_3' title="bbox 319 2895 1551 3309">
     <span class='ocr_line' id='line_1_24' title="bbox 322 2895 1551 2991; baseline 0.002 -24"><span class='ocrx_word' id='word_1_208' title='bbox 322 2926 412 2985; x_wconf 88' lang='grc' dir='ltr'><strong><em>τητα,</em></strong></span> <span class='ocrx_word' id='word_1_209' title='bbox 435 2901 495 2988; x_wconf 84' lang='grc' dir='ltr'><strong><em>τήν</em></strong></span> <span class='ocrx_word' id='word_1_210' title='bbox 518 2901 705 2989; x_wconf 74' lang='grc' dir='ltr'><strong><em>περιβολήν,</em></strong></span> <span class='ocrx_word' id='word_1_211' title='bbox 722 2895 781 2985; x_wconf 83' lang='grc' dir='ltr'><strong><em>τήν</em></strong></span> <span class='ocrx_word' id='word_1_212' title='bbox 803 2901 1000 2989; x_wconf 79' lang='grc' dir='ltr'><strong><em>τραχύτητα,</em></strong></span> <span class='ocrx_word' id='word_1_213' title='bbox 1019 2902 1079 2985; x_wconf 85' lang='grc' dir='ltr'><strong><em>τήν</em></strong></span> <span class='ocrx_word' id='word_1_214' title='bbox 1102 2900 1328 2991; x_wconf 79' lang='grc' dir='ltr'><strong><em>λαμπρότητα,</em></strong></span> <span class='ocrx_word' id='word_1_215' title='bbox 1354 2898 1412 2986; x_wconf 83' lang='grc' dir='ltr'><strong><em>τήν</em></strong></span> <span class='ocrx_word' id='word_1_216' title='bbox 1429 2901 1551 2989; x_wconf 81' lang='grc' dir='ltr'><strong><em>οἷκμήν,</em></strong></span> 
     </span>
     <span class='ocr_line' id='line_1_25' title="bbox 319 3003 1551 3097; baseline 0.001 -23"><span class='ocrx_word' id='word_1_217' title='bbox 319 3007 379 3096; x_wconf 84' lang='grc' dir='ltr'><strong><em>τήν</em></strong></span> <span class='ocrx_word' id='word_1_218' title='bbox 409 3008 622 3097; x_wconf 89' lang='grc' dir='ltr'><strong><em>σφοδρότητα,</em></strong></span> <span class='ocrx_word' id='word_1_219' title='bbox 658 3003 693 3072; x_wconf 81' lang='grc' dir='ltr'><strong><em>τό</em></strong></span> <span class='ocrx_word' id='word_1_220' title='bbox 730 3008 856 3086; x_wconf 78' lang='grc' dir='ltr'><strong><em>κάλλος,</em></strong></span> <span class='ocrx_word' id='word_1_221' title='bbox 886 3008 947 3094; x_wconf 82' lang='grc' dir='ltr'><strong><em>τήν</em></strong></span> <span class='ocrx_word' id='word_1_222' title='bbox 981 3005 1168 3096; x_wconf 87' lang='grc' dir='ltr'><strong><em>γοργότητα,</em></strong></span> <span class='ocrx_word' id='word_1_223' title='bbox 1195 3007 1231 3075; x_wconf 85' lang='grc' dir='ltr'><strong><em>τό</em></strong></span> <span class='ocrx_word' id='word_1_224' title='bbox 1257 3005 1349 3096; x_wconf 85' lang='grc' dir='ltr'><strong><em>η’θος,</em></strong></span> <span class='ocrx_word' id='word_1_225' title='bbox 1377 3009 1436 3097; x_wconf 86' lang='grc' dir='ltr'><strong><em>τήν</em></strong></span> <span class='ocrx_word' id='word_1_226' title='bbox 1473 3008 1551 3094; x_wconf 82' lang='grc' dir='ltr'><strong><em>οἰλή-</em></strong></span> 
     </span>
     <span class='ocr_line' id='line_1_26' title="bbox 321 3110 1551 3201; baseline 0.003 -21"><span class='ocrx_word' id='word_1_227' title='bbox 321 3121 433 3192; x_wconf 87' lang='grc' dir='ltr'><strong><em>θειαν,</em></strong></span> <span class='ocrx_word' id='word_1_228' title='bbox 469 3110 531 3201; x_wconf 87' lang='grc' dir='ltr'><strong><em>τήν</em></strong></span> <span class='ocrx_word' id='word_1_229' title='bbox 562 3111 806 3201; x_wconf 87' lang='grc' dir='ltr'><strong><em>δεινότητα.</em></strong></span> <span class='ocrx_word' id='word_1_230' title='bbox 854 3111 962 3198; x_wconf 87' lang='lat' dir='ltr'>itaque</span> <span class='ocrx_word' id='word_1_231' title='bbox 986 3114 1070 3201; x_wconf 90' lang='lat' dir='ltr'>apud</span> <span class='ocrx_word' id='word_1_232' title='bbox 1093 3119 1262 3201; x_wconf 91' lang='lat' dir='ltr'>utrumque</span> <span class='ocrx_word' id='word_1_233' title='bbox 1298 3115 1452 3200; x_wconf 89' lang='lat' dir='ltr'>quaedam</span> <span class='ocrx_word' id='word_1_234' title='bbox 1488 3119 1551 3184; x_wconf 87' lang='grc' dir='ltr'><strong><em>δει-</em></strong></span> 
     </span>
     <span class='ocr_line' id='line_1_27' title="bbox 321 3217 1297 3309; baseline -0.006 -20"><span class='ocrx_word' id='word_1_235' title='bbox 321 3222 417 3309; x_wconf 89' lang='grc' dir='ltr'><strong><em>νότης</em></strong></span> <span class='ocrx_word' id='word_1_236' title='bbox 451 3217 620 3294; x_wconf 85' lang='lat' dir='ltr'>invenitur,</span> <span class='ocrx_word' id='word_1_237' title='bbox 659 3218 697 3283; x_wconf 90' lang='lat' dir='ltr'>de</span> <span class='ocrx_word' id='word_1_238' title='bbox 732 3240 795 3304; x_wconf 90' lang='lat' dir='ltr'>qua</span> <span class='ocrx_word' id='word_1_239' title='bbox 828 3224 937 3306; x_wconf 87' lang='lat' dir='ltr'>postea</span> <span class='ocrx_word' id='word_1_240' title='bbox 971 3218 1200 3307; x_wconf 88' lang='lat' dir='ltr'>disputandum</span> <span class='ocrx_word' id='word_1_241' title='bbox 1230 3221 1297 3286; x_wconf 89' lang='lat' dir='ltr'>erit.</span> 
     </span>
    </p>
   </div>
   <div class='ocr_carea' id='block_1_4' title="bbox 318 3361 1550 3986">
    <p class='ocr_par' dir='ltr' id='par_1_4' title="bbox 318 3361 1550 3986">
     <span class='ocr_line' id='line_1_28' title="bbox 408 3361 1550 3448; baseline 0.004 -22"><span class='ocrx_word' id='word_1_242' title='bbox 408 3382 606 3447; x_wconf 90' lang='lat' dir='ltr'>nusquam</span> <span class='ocrx_word' id='word_1_243' title='bbox 628 3384 723 3426; x_wconf 84' lang='lat' dir='ltr'>vero</span> <span class='ocrx_word' id='word_1_244' title='bbox 747 3361 882 3427; x_wconf 89' lang='lat' dir='ltr'>autin</span> <span class='ocrx_word' id='word_1_245' title='bbox 905 3361 1136 3448; x_wconf 89' lang='lat' dir='ltr'>prioribus</span> <span class='ocrx_word' id='word_1_246' title='bbox 1160 3363 1385 3430; x_wconf 83' lang='lat' dir='ltr'>rhetoricis</span> <span class='ocrx_word' id='word_1_247' title='bbox 1408 3369 1484 3430; x_wconf 91' lang='lat' dir='ltr'>aut</span> <span class='ocrx_word' id='word_1_248' title='bbox 1507 3364 1550 3430; x_wconf 93' lang='lat' dir='ltr'>in</span> 
     </span>
     <span class='ocr_line' id='line_1_29' title="bbox 319 3467 1549 3556; baseline 0.002 -21"><span class='ocrx_word' id='word_1_249' title='bbox 319 3467 558 3535; x_wconf 89' lang='lat' dir='ltr'>serioribus</span> <span class='ocrx_word' id='word_1_250' title='bbox 581 3467 818 3556; x_wconf 88' lang='lat' dir='ltr'>impetuosa</span> <span class='ocrx_word' id='word_1_251' title='bbox 841 3467 966 3535; x_wconf 85' lang='lat' dir='ltr'>forma</span> <span class='ocrx_word' id='word_1_252' title='bbox 990 3478 1338 3549; x_wconf 83' lang='lat' dir='ltr'>commemoratur,</span> <span class='ocrx_word' id='word_1_253' title='bbox 1363 3492 1468 3556; x_wconf 91' lang='lat' dir='ltr'>quae</span> <span class='ocrx_word' id='word_1_254' title='bbox 1493 3496 1549 3538; x_wconf 89' lang='lat' dir='ltr'>ae-</span> 
     </span>
     <span class='ocr_line' id='line_1_30' title="bbox 319 3574 1550 3662; baseline 0.005 -22"><span class='ocrx_word' id='word_1_255' title='bbox 319 3598 400 3662; x_wconf 91' lang='lat' dir='ltr'>quo</span> <span class='ocrx_word' id='word_1_256' title='bbox 424 3575 518 3640; x_wconf 91' lang='lat' dir='ltr'>iure</span> <span class='ocrx_word' id='word_1_257' title='bbox 542 3574 598 3640; x_wconf 90' lang='lat' dir='ltr'>sit</span> <span class='ocrx_word' id='word_1_258' title='bbox 621 3598 708 3640; x_wconf 89' lang='lat' dir='ltr'>oum</span> <span class='ocrx_word' id='word_1_259' title='bbox 732 3575 892 3642; x_wconf 84' lang='lat' dir='ltr'>ueteris</span> <span class='ocrx_word' id='word_1_260' title='bbox 914 3576 1052 3643; x_wconf 84' lang='lat' dir='ltr'>tribus</span> <span class='ocrx_word' id='word_1_261' title='bbox 1077 3601 1152 3643; x_wconf 91' lang='lat' dir='ltr'>num</span> <span class='ocrx_word' id='word_1_262' title='bbox 1166 3578 1383 3644; x_wconf 87' lang='lat' dir='ltr'>fortefortuna</span> <span class='ocrx_word' id='word_1_263' title='bbox 1395 3578 1550 3646; x_wconf 78' lang='lat' dir='ltr'>accidisse</span> 
     </span>
     <span class='ocr_line' id='line_1_31' title="bbox 318 3681 1549 3770; baseline 0.004 -23"><span class='ocrx_word' id='word_1_264' title='bbox 318 3682 506 3770; x_wconf 87' lang='lat' dir='ltr'>putabimus,</span> <span class='ocrx_word' id='word_1_265' title='bbox 521 3689 557 3748; x_wconf 90' lang='lat' dir='ltr'>ut</span> <span class='ocrx_word' id='word_1_266' title='bbox 568 3682 601 3746; x_wconf 92' lang='lat' dir='ltr'>in</span> <span class='ocrx_word' id='word_1_267' title='bbox 615 3681 760 3770; x_wconf 89' lang='lat' dir='ltr'>operibus</span> <span class='ocrx_word' id='word_1_268' title='bbox 774 3707 882 3748; x_wconf 90' lang='lat' dir='ltr'>eorum</span> <span class='ocrx_word' id='word_1_269' title='bbox 895 3685 1062 3762; x_wconf 78' lang='lat' dir='ltr'>rhetorum,</span> <span class='ocrx_word' id='word_1_270' title='bbox 1077 3684 1131 3770; x_wconf 89' lang='lat' dir='ltr'>qui</span> <span class='ocrx_word' id='word_1_271' title='bbox 1143 3707 1244 3770; x_wconf 90' lang='lat' dir='ltr'>usque</span> <span class='ocrx_word' id='word_1_272' title='bbox 1257 3686 1296 3750; x_wconf 90' lang='lat' dir='ltr'>ad</span> <span class='ocrx_word' id='word_1_273' title='bbox 1310 3684 1549 3769; x_wconf 81' lang='lat' dir='ltr'>Quintilianum</span> 
     </span>
     <span class='ocr_line' id='line_1_32' title="bbox 322 3789 1550 3879; baseline 0.004 -25"><span class='ocrx_word' id='word_1_274' title='bbox 322 3796 420 3869; x_wconf 84' lang='lat' dir='ltr'>erant,</span> <span class='ocrx_word' id='word_1_275' title='bbox 446 3813 485 3854; x_wconf 89' lang='lat' dir='ltr'>ne</span> <span class='ocrx_word' id='word_1_276' title='bbox 510 3790 633 3876; x_wconf 88' lang='lat' dir='ltr'>syllaba</span> <span class='ocrx_word' id='word_1_277' title='bbox 656 3789 784 3875; x_wconf 89' lang='lat' dir='ltr'>quidem</span> <span class='ocrx_word' id='word_1_278' title='bbox 807 3790 995 3857; x_wconf 81' lang='lat' dir='ltr'>scriberetur</span> <span class='ocrx_word' id='word_1_279' title='bbox 1030 3792 1069 3856; x_wconf 91' lang='lat' dir='ltr'>de</span> <span class='ocrx_word' id='word_1_280' title='bbox 1106 3799 1217 3878; x_wconf 89' lang='lat' dir='ltr'>quarta</span> <span class='ocrx_word' id='word_1_281' title='bbox 1250 3793 1350 3857; x_wconf 85' lang='lat' dir='ltr'>forma</span> <span class='ocrx_word' id='word_1_282' title='bbox 1380 3799 1476 3879; x_wconf 88' lang='lat' dir='ltr'>atque</span> <span class='ocrx_word' id='word_1_283' title='bbox 1512 3801 1550 3860; x_wconf 92' lang='lat' dir='ltr'>ut</span> 
     </span>
     <span class='ocr_line' id='line_1_33' title="bbox 318 3895 1548 3986; baseline 0.004 -25"><span class='ocrx_word' id='word_1_284' title='bbox 318 3896 351 3961; x_wconf 93' lang='lat' dir='ltr'>in</span> <span class='ocrx_word' id='word_1_285' title='bbox 374 3896 422 3976; x_wconf 87' lang='lat' dir='ltr'>iis,</span> <span class='ocrx_word' id='word_1_286' title='bbox 447 3919 524 3983; x_wconf 88' lang='lat' dir='ltr'>quas</span> <span class='ocrx_word' id='word_1_287' title='bbox 549 3895 767 3981; x_wconf 80' lang='lat' dir='ltr'>Quintilianus</span> <span class='ocrx_word' id='word_1_288' title='bbox 798 3897 880 3962; x_wconf 90' lang='lat' dir='ltr'>inter</span> <span class='ocrx_word' id='word_1_289' title='bbox 913 3905 975 3963; x_wconf 92' lang='lat' dir='ltr'>tres</span> <span class='ocrx_word' id='word_1_290' title='bbox 998 3898 1182 3986; x_wconf 87' lang='lat' dir='ltr'>praecipuas</span> <span class='ocrx_word' id='word_1_291' title='bbox 1214 3899 1310 3965; x_wconf 85' lang='lat' dir='ltr'>inseri</span> <span class='ocrx_word' id='word_1_292' title='bbox 1333 3900 1433 3966; x_wconf 87' lang='lat' dir='ltr'>solere</span> <span class='ocrx_word' id='word_1_293' title='bbox 1458 3900 1548 3982; x_wconf 85' lang='lat' dir='ltr'>dioit,</span> 
     </span>
    </p>
   </div>
   <div class='ocr_carea' id='block_1_5' title="bbox 425 4271 1143 4639">
    <p class='ocr_par' dir='ltr' id='par_1_5' title="bbox 427 4271 766 4342">
     <span class='ocr_line' id='line_1_34' title="bbox 427 4271 766 4342; baseline 0 -16"><span class='ocrx_word' id='word_1_294' title='bbox 427 4271 448 4339; x_wconf 91' lang='lat'>¹)</span> <span class='ocrx_word' id='word_1_295' title='bbox 469 4272 585 4342; x_wconf 87' lang='lat' dir='ltr'>Quintil.</span> <span class='ocrx_word' id='word_1_296' title='bbox 606 4271 690 4327; x_wconf 86' lang='lat' dir='ltr'>VIII.</span> <span class='ocrx_word' id='word_1_297' title='bbox 707 4277 730 4342; x_wconf 91' lang='lat'>1,</span> <span class='ocrx_word' id='word_1_298' title='bbox 743 4280 766 4326; x_wconf 93' lang='lat'>1.</span> 
     </span>
    </p>

    <p class='ocr_par' dir='ltr' id='par_1_6' title="bbox 425 4361 1143 4522">
     <span class='ocr_line' id='line_1_35' title="bbox 428 4361 1143 4431; baseline 0.007 -17"><span class='ocrx_word' id='word_1_299' title='bbox 428 4361 449 4430; x_wconf 76' lang='lat'>²)</span> <span class='ocrx_word' id='word_1_300' title='bbox 468 4361 549 4415; x_wconf 87' lang='lat' dir='ltr'>Dion.</span> <span class='ocrx_word' id='word_1_301' title='bbox 569 4361 634 4414; x_wconf 88' lang='lat' dir='ltr'>Hal.</span> <span class='ocrx_word' id='word_1_302' title='bbox 654 4362 709 4415; x_wconf 86' lang='lat' dir='ltr'>iud.</span> <span class='ocrx_word' id='word_1_303' title='bbox 731 4364 764 4416; x_wconf 86' lang='lat' dir='ltr'>de</span> <span class='ocrx_word' id='word_1_304' title='bbox 783 4363 867 4416; x_wconf 76' lang='lat' dir='ltr'>Timo.</span> <span class='ocrx_word' id='word_1_305' title='bbox 888 4363 949 4417; x_wconf 86' lang='lat' dir='ltr'>hist.</span> <span class='ocrx_word' id='word_1_306' title='bbox 970 4380 1009 4431; x_wconf 88' lang='lat' dir='ltr'>op.</span> <span class='ocrx_word' id='word_1_307' title='bbox 1030 4364 1143 4419; x_wconf 87' lang='lat' dir='ltr'><strong>XXIII.</strong></span> 
     </span>
     <span class='ocr_line' id='line_1_36' title="bbox 425 4449 784 4522; baseline -0.003 -20"><span class='ocrx_word' id='word_1_308' title='bbox 425 4449 447 4518; x_wconf 75' lang='lat'>³)</span> <span class='ocrx_word' id='word_1_309' title='bbox 466 4457 567 4522; x_wconf 74' lang='grc' dir='ltr'><strong><em>τεχνῶν</em></strong></span> <span class='ocrx_word' id='word_1_310' title='bbox 586 4452 733 4521; x_wconf 75' lang='grc' dir='ltr'><strong><em>ῥητορικῶν</em></strong></span> <span class='ocrx_word' id='word_1_311' title='bbox 751 4472 784 4508; x_wconf 85' lang='grc' dir='ltr'>α,</span> 
     </span>
    </p>

    <p class='ocr_par' dir='ltr' id='par_1_7' title="bbox 460 4541 635 4639">
     <span class='ocr_line' id='line_1_37' title="bbox 460 4541 635 4639; baseline 0 -48"><span class='ocrx_word' id='word_1_312' title='bbox 460 4541 527 4639; x_wconf 61' lang='lat' dir='ltr'>appi</span> <span class='ocrx_word' id='word_1_313' title='bbox 546 4541 635 4592; x_wconf 76' lang='grc' dir='ltr'><strong><em>ἰδεῶν.</em></strong></span> 
     </span>
    </p>
   </div>
   <div class='ocr_carea' id='block_1_6' title="bbox 496 4611 507 4680">
    <p class='ocr_par' dir='ltr' id='par_1_8' title="bbox 496 4611 507 4680">
     <span class='ocr_line' id='line_1_38' title="bbox 496 4611 507 4680; baseline 0 0"><span class='ocrx_word' id='word_1_314' title='bbox 496 4611 507 4680; x_wconf 83' lang='lat'>&gt;</span> 
     </span>
    </p>
   </div>
   <div class='ocr_carea' id='block_1_7' title="bbox 0 0 1644 5332">
    <p class='ocr_par' dir='ltr' id='par_1_9' title="bbox 0 0 1644 5332">
     <span class='ocr_line' id='line_1_39' title="bbox 0 0 1644 5332; baseline 0 2"><span class='ocrx_word' id='word_1_315' title='bbox 0 0 1644 5332; x_wconf 95' lang='lat' dir='ltr'> </span> 
     </span>
    </p>
   </div>
  </div>
 </body>
</html>
