3278 5332
714 329 911 395 ..8-

199 549 225 590 6,
252 523 326 589 Ohr.
351 523 481 590 inducta
504 530 594 604 esset,
625 524 815 591 verisimile
847 548 913 590 esse
936 530 1096 590 auctorem
1120 525 1222 591 libelli
1245 558 1280 596 rr.
1306 533 1344 606 1.,
1370 529 1428 615 qui

198 655 263 697 uon
287 637 436 708 uteretur,
462 639 535 698 ante
559 632 745 698 Tauriscum
770 632 937 721 scripsisse.
985 640 1017 697 at
1040 658 1079 697 ne
1096 633 1270 720 Dionysius
1295 635 1427 722 quidem

200 737 306 804 Halic.
364 741 424 804 hoc
457 764 570 805 nomeu
605 739 730 805 videtur
764 739 913 806 adhibere
927 741 963 826 ¹).
1024 739 1208 806 Ciceronem
1252 743 1310 808 illa
1348 767 1427 808 voce

199 847 296 912 semel
332 843 376 934 (iu
412 847 512 912 Bruto
545 870 592 934 cp.
629 847 738 913 XVII
772 852 792 929 ξ
825 849 881 935 69)
905 871 997 912 usum
1032 871 1099 912 esse
1123 848 1233 927 video,
1265 851 1342 936 qui,
1367 851 1426 916 ubi

199 953 301 1019 fontes
324 959 445 1019 veteres
468 955 610 1041 sequitur
628 955 727 1036 (velut
749 954 782 1019 in
800 953 932 1020 Oratore
956 978 1024 1042 cpp.
1054 955 1186 1020 XXIII
1209 963 1292 1047 sqq.)
1316 982 1428 1024 vocem

199 1059 291 1126 istam
315 1060 545 1148 praetermittit,
580 1085 650 1126 cum
685 1061 885 1149 partitionem
923 1068 1064 1128 veterum
1094 1086 1264 1150 eorumque
1289 1066 1427 1152 appella-

200 1167 301 1234 tiones
336 1167 478 1234 retineat.
526 1169 656 1235 forsitan
692 1169 788 1235 etiam
821 1176 930 1236 auctor
962 1179 1076 1250 noster,
1107 1170 1162 1257 qui
1195 1195 1303 1237 vocem
1326 1196 1429 1259 paene

199 1274 326 1353 reiciat,
368 1274 484 1340 formas
517 1275 653 1340 fontium
687 1299 815 1341 suorum
851 1283 995 1342 accurate
1028 1276 1170 1342 imitatus
1209 1277 1258 1343 sit.
1317 1284 1430 1343 auctor

204 1382 432 1448 rhetoricorum
455 1383 495 1447 ad
519 1382 719 1448 Herennium
750 1383 877 1447 nomine
908 1383 1089 1469 illoneque
1115 1383 1339 1470 utiturneque
1365 1409 1428 1465 om-

206 1489 281 1554 nino
304 1488 457 1576 peculiari
480 1489 606 1555 nornine
638 1493 714 1566 τούς
736 1493 876 1581 τρόπους
900 1491 1146 1578 comprehendit,
1183 1492 1238 1556 sed
1267 1516 1331 1556 una
1355 1515 1430 1557 cum

204 1596 315 1662 ceteris
354 1597 546 1663 ornamentis
584 1609 756 1663 enumerat.
831 1597 925 1664 etiam
962 1600 1096 1663 alterum
1125 1598 1313 1663 »terminum
1354 1611 1431 1664 ante

205 1727 317 1791 quem«
366 1703 457 1769 Liers
491 1704 662 1792 prolbrt²):
699 1711 858 1770 auctorem
892 1706 976 1770 enim
1011 1705 1113 1771 libelli
1149 1735 1183 1773 π.
1210 1712 1235 1774 ἑ.
1266 1705 1371 1771 dicere
1395 1729 1430 1771 66

202 1810 340 1899 primum
375 1811 414 1876 (16
449 1811 674 1900 compositione
699 1811 808 1877 florida
831 1812 990 1900 scripsisse
1027 1811 1058 1899 (ξ
1086 1814 1168 1893 119).
1216 1813 1323 1899 itaque
1355 1812 1431 1898 quia

204 1917 379 2004 Dionysius
415 1919 491 1983 Hal.
548 1919 587 1983 de
626 1919 736 1983 florida
776 1919 1000 2007 compositione
1040 1919 1229 2007 scripsisset,
1269 1919 1431 2007 scripsisse

205 2033 365 2091 auctorem
388 2024 490 2092 libelli
513 2055 548 2093 rr.
575 2029 599 2093 ἕ.
626 2033 698 2091 ante
722 2025 922 2112 Dionysium.
971 2050 1051 2111 quae
1075 2026 1254 2091 coniectura
1287 2026 1429 2113 profecto

203 2132 331 2199 evidens
347 2155 413 2198 esse
430 2133 572 2214 videtur;
598 2132 883 2220 circumspiciamus
899 2140 1014 2212 tamen,
1032 2158 1109 2198 num
1125 2157 1204 2220 quae
1221 2133 1293 2212 sint,
1312 2133 1428 2219 quibus

209 2239 395 2305 infirmetur.
431 2248 539 2306 auctor
554 2241 639 2306 enim
661 2241 763 2308 libelli
775 2270 811 2310 rr·
836 2244 920 2324 1.ξὲ
948 2242 1120 2306 179-185
1144 2241 1183 2306 de
1207 2240 1433 2329 compositione

203 2346 319 2412 florida
342 2346 520 2435 disceptans
543 2347 622 2412 nihil
646 2347 839 2435 praescribit,
872 2347 934 2412 nisi
957 2349 996 2413 (16
1020 2347 1161 2434 rhythmi
1185 2354 1216 2412 et
1239 2348 1334 2413 metri
1358 2372 1429 2427 usu,

204 2453 349 2520 similiter
372 2461 467 2542 atque
490 2455 523 2518 in
541 2456 712 2520 cacozeliae
736 2455 960 2543 compositione
979 2453 1010 2542 (ἓ
1036 2457 1126 2538 110);
1151 2454 1184 2518 16
1201 2454 1429 2542 compositione

207 2567 381 2627 ceterarum
419 2561 590 2627 formarum
629 2571 661 2628 et
702 2562 849 2628 vitiorum
896 2561 991 2626 etiam
1030 2562 1110 2626 aliae
1158 2585 1206 2626 res
1244 2567 1430 2627 tractantur.

204 2692 359 2756 nusquam
393 2694 466 2735 vero
499 2676 665 2757 praecepta
703 2670 741 2734 de
780 2668 957 2755 rhythmica
995 2667 1144 2733 orationis
1184 2668 1432 2733 conformatione

206 2776 416 2856 omittuntur,
462 2783 679 2865 praeterquam
717 2777 749 2840 in
789 2775 879 2841 tenui
920 2775 1019 2841 forma
1058 2775 1186 2861 eiusque
1221 2775 1298 2840 vitio
1335 2776 1432 2861 (quae

205 2883 361 2970 rhythmis
383 2884 531 2950 metrisve
555 2884 681 2949 omnino
700 2883 821 2971 carent)
845 2883 932 2948 etin
955 2881 1043 2960 vitio,
1068 2882 1152 2967 quod
1171 2883 1274 2973 ἄχαρι
1297 2891 1428 2947 vocatur

206 2991 262 3058 ubi
286 2990 369 3057 forte
394 2989 509 3056 omissa
532 2990 687 3056 videntur.
737 3015 799 3076 qua
828 3014 861 3054 16
894 2989 925 3053 16
962 2989 1186 3076 compositione
1215 2989 1325 3054 florida
1347 3014 1433 3077 prae·

206 3105 296 3186 cepta
319 3099 358 3163 de
381 3097 536 3185 rhythmis
576 3098 680 3163 danda
713 3121 780 3163 esse
804 3104 913 3162 auctor
946 3096 1071 3161 videtur
1093 3095 1261 3182 putavisse.
1309 3119 1364 3161 cur
1389 3097 1428 3162 de

206 3205 361 3293 rhythmis
393 3205 540 3271 metrisve
575 3204 649 3270 solis
685 3206 758 3271 dare
791 3204 927 3270 voluerit
958 3227 1060 3289 neque
1096 3203 1135 3268 de
1171 3203 1240 3268 aliis
1274 3204 1367 3268 rebus
1391 3204 1432 3268 ad

207 3312 462 3402 compositionem
494 3312 635 3377 floridam
666 3312 896 3401 pertinentibus
929 3310 1144 3399 disputaverit,
1183 3310 1313 3375 difficile
1342 3309 1430 3375 dictu

207 3428 263 3488 661.
311 3419 853 3508 16118116161661661111161611616
876 3418 1055 3499 metricam;
1090 3420 1257 3483 confitetur
1280 3423 1385 3482 autern
1411 3441 1430 3481 a

207 3526 362 3616 prioribus
385 3527 561 3593 rhetoribus
585 3529 624 3592 de
639 3528 695 3593 illa
718 3551 751 3593 re
775 3527 855 3592 nihil
877 3532 1079 3615 praeceptum
1095 3549 1171 3604 esse,
1197 3524 1310 3611 quade
1337 3548 1432 3590 66666

207 3634 344 3724 primum
378 3658 410 3700 se
445 3640 609 3722 praecepta
638 3635 803 3701 instituere
826 3636 948 3701 debere.
995 3657 1058 3698 non
1083 3632 1202 3711 dubito,
1235 3631 1310 3718 quin
1336 3631 1431 3697 etiam

208 3749 279 3832 post
309 3742 500 3829 Dionysium
536 3743 611 3808 Hal.
649 3748 757 3808 auctor
791 3742 893 3809 libelli
924 3771 959 3810 π.
995 3747 1020 3810 ἑ.
1056 3741 1134 3806 haec
1169 3741 1263 3805 verba
1298 3738 1435 3805 scribere

208 3849 356 3938 potuerit.
404 3874 477 3915 nam
499 3848 533 3914 in
558 3849 781 3937 compositione
804 3851 971 3916 verborum
997 3848 1036 3913 (16
1059 3846 1215 3934 rhythmis
1238 3870 1339 3934 pauca
1359 3846 1435 3912 Dic·

214 4140 530 4152 β...-

318 4332 338 4401 11
355 4349 408 4387 666
426 4332 589 4388 inusitatum
608 4331 742 4399 Dionysio
761 4332 827 4391 Hal.
847 4330 1012 4386 adiectirum
1031 4326 1158 4399 τροπικός
1177 4335 1225 4399 661,
1246 4329 1316 4399 quod
1334 4327 1438 4384 rectius

212 4459 229 4496 a
252 4438 345 4513 τροπή,
364 4456 444 4508 quam
463 4438 594 4508 616666
613 4439 804 4494 derivabImus.

320 4546 342 4618 ²)
362 4547 441 4603 Licrs
460 4547 523 4603 diss.
542 4564 587 4617 pg.
607 4551 720 4601 22—23.
