3278 5332
829 335 1050 402 „12-

331 531 389 596 bus
412 530 567 617 prioribus
591 555 748 596 arcessens
772 532 904 596 eandem
928 530 1096 617 eloquendi
1129 530 1267 596 indolem
1300 529 1398 595 fuisse
1429 544 1556 594 conten·

332 638 380 703 dit
413 637 445 702 in
473 638 654 717 Aristotele,
679 638 827 713 Isocrate,
855 638 1086 716 Alcidamante,
1120 636 1248 724 Gorgia,
1284 637 1424 715 Timaeo,
1454 637 1559 703 Simo-

332 744 414 809 nide.
462 752 494 811 at
527 746 561 810 hi
597 746 676 811 tales
711 744 934 811 similitudines
970 746 1155 832 plerumque
1190 744 1391 823 adhibebant,
1417 751 1454 809 ut
1490 769 1558 809 rem

332 850 445 917 elarius
458 853 672 939 explanarent,
699 877 762 917 non
786 859 823 918 ut
835 861 1019 918 ornamenta
1043 852 1205 917 efficerent
1228 853 1403 939 superflua3
1429 875 1558 939 perraro

332 957 445 1023 deinde
469 958 540 1024 illas
562 959 762 1025 adhibebant.
811 983 883 1025 nam
906 959 986 1025 ratio
1009 959 1066 1024 illa
1090 959 1291 1047 comparandi
1314 958 1374 1024 teri
1400 966 1557 1024 nonanta

332 1067 542 1152 Pergamenos
566 1075 676 1155 coepta
699 1074 754 1144 ost,
781 1075 875 1154 atque
899 1067 953 1153 qui
977 1075 1048 1155 post
1071 1091 1123 1133 ecs
1154 1065 1341 1144 scribebant,
1366 1089 1418 1130 eos
1456 1065 1559 1131 secuti

332 1180 414 1252 sunt,
449 1173 483 1238 id
507 1175 591 1260 quod
628 1175 767 1240 Brzoska
790 1175 823 1239 in
848 1175 956 1240 libello
981 1199 1046 1253 suo,
1072 1199 1165 1260 quem
1190 1175 1228 1239 de
1252 1197 1370 1238 canone
1394 1173 1429 1237 X
1454 1180 1559 1239 orato-

334 1305 403 1346 rum
427 1280 603 1346 Atticorum
627 1281 759 1370 scripsit,
785 1283 949 1370 splendide
973 1281 1206 1347 demonstravit.
1255 1287 1349 1366 atque
1378 1279 1411 1343 in
1436 1279 1560 1345 deliciis

334 1395 443 1454 auctor
466 1387 568 1454 libelli
591 1419 625 1458 π.
651 1397 675 1459 ἑ.
701 1389 924 1454 similitudines
947 1391 1051 1468 habet,
1078 1413 1157 1476 quae
1182 1395 1213 1454 et
1237 1413 1277 1454 ex
1300 1386 1418 1453 artibus
1443 1387 1558 1452 ceteris

334 1500 520 1582 repetuntur
546 1503 577 1562 et
600 1521 639 1562 ex
663 1496 774 1562 ceteris
798 1496 881 1562 vitae
912 1498 1068 1562 humanae
1093 1495 1205 1562 studiis
1229 1504 1260 1561 et
1294 1518 1397 1559 rerum
1435 1501 1558 1559 natura.

334 1607 428 1688 atque
450 1601 483 1667 in
507 1602 615 1668 libello
629 1603 821 1689 aliquotloei
845 1603 961 1678 insunt,
987 1628 1074 1691 quos,
1099 1603 1126 1668 si
1151 1603 1205 1682 ris,
1231 1602 1370 1689 poeticos
1387 1600 1555 1680 iudicabis,

334 1709 450 1776 rectius
473 1716 579 1776 autem
602 1710 732 1795 frigidos
756 1718 787 1776 et
810 1711 947 1778 tumidos
981 1719 1107 1799 propter
1136 1708 1378 1777 redundantiam
1411 1707 1560 1773 inutilem

339 1817 616 1904 comparationum.

443 1960 517 2046 quia
540 1967 794 2045 argumentorum
818 1961 929 2027 seriem
953 1967 984 2027 et
1007 1959 1122 2026 Liersii
1146 1967 1177 2025 et
1197 1958 1361 2023 Hammeri
1383 1956 1561 2044 percensui·

336 2091 414 2143 mus,
440 2091 525 2132 nunc
549 2068 729 2134 summatim
764 2076 949 2156 repetamus,
986 2069 1061 2155 quid
1098 2068 1136 2132 de
1171 2066 1324 2132 universis
1360 2067 1420 2129 hac
1457 2064 1493 2128 in
1527 2088 1562 2128 re

336 2173 448 2240 studiis
472 2173 635 2260 utriusque
659 2175 852 2241 iudicemus:
878 2200 940 2240 non
965 2183 1049 2241 reete
1073 2182 1241 2261 utrumque
1265 2179 1341 2260 puto
1359 2171 1449 2258 quasi
1465 2169 1563 2235 inniti

337 2281 370 2345 in
393 2280 561 2348 traditione
585 2281 720 2347 nominis
744 2307 855 2370 parum
877 2287 968 2348 firma
991 2307 1092 2368 neque
1116 2283 1191 2348 satis
1221 2278 1453 2346 confirmavisse
1469 2302 1562 2344 suam

337 2388 525 2454 sententiam
549 2389 749 2476 argumentis

444 2514 598 2581 accedunt
621 2514 715 2581 etiam
739 2523 924 2602 argumenta
946 2515 1054 2602 gravia
1077 2521 1185 2579 eontra
1217 2537 1278 2578 eos.
1327 2535 1362 2576 ac
1398 2511 1485 2598 prius
1521 2511 1561 2574 de

337 2621 460 2688 Liersio
484 2622 668 2710 disputetur.

444 2790 518 2831 nam
540 2773 577 2832 ut
599 2767 847 2854 praetermittam
870 2767 1014 2832 libellum
1037 2794 1072 2834 π.
1098 2772 1123 2833 ἑ.
1159 2764 1192 2828 iu
1216 2761 1494 2828 Demetrianorum
1527 2760 1562 2824 li-

339 2874 466 2938 brorum
489 2872 593 2939 indice
618 2876 656 2939 ab
681 2874 826 2960 Diogene
850 2874 978 2940 Laertio
1002 2872 1205 2961 praeteritum
1236 2893 1311 2948 esse,
1337 2870 1424 2933 locus
1457 2866 1563 2933 libelli

339 2979 437 3068 ipsius
460 2980 663 3046 disertissime
688 2988 794 3047 contra
818 2981 1019 3047 Demetrium
1042 2980 1233 3044 Phalereum
1257 2975 1346 3063 quasi
1361 2974 1561 3041 testificatur.

340 3111 412 3152 nam
437 3088 512 3174 quid
548 3089 631 3174 quod
667 3090 847 3176 exemplum
881 3088 1031 3154 sermonis
1068 3085 1194 3173 figurati
1231 3086 1269 3150 de
1293 3080 1457 3151 Demetrio
1494 3079 1564 3169 ipso

340 3195 494 3260 Phalereo
529 3194 680 3282 repetitur
703 3196 738 3283 (ξ
763 3200 866 3283 289)1
900 3197 984 3283 quod
1009 3193 1191 3260 Demetrius
1214 3193 1387 3257 Phalereus
1421 3188 1565 3276 profecto

339 3301 372 3365 in
396 3325 452 3367 suo
476 3301 555 3368 libro
580 3327 643 3368 non
667 3305 806 3390 protulit.
856 3304 946 3370 Liers
981 3306 1041 3368 hoe
1077 3302 1258 3387 exemplum
1283 3296 1427 3381 emedio
1464 3295 1561 3373 tollit,

341 3433 412 3473 cum
435 3415 534 3475 totam
557 3415 687 3497 partem,
713 3411 746 3474 in
770 3436 832 3497 qua
856 3424 911 3492 est,
937 3413 988 3493 (de
1012 3409 1152 3475 oratioue
1176 3409 1310 3494 figurata
1334 3410 1375 3488 ἐξ
1393 3404 1455 3468 287
1472 3405 1563 3486 ’98)

341 3515 563 3602 interpolatam
587 3539 653 3582 esse
676 3517 857 3584 haricletur.
877 3559 918 3566 -
936 3518 1049 3584 deinde
1065 3516 1219 3580 Hammer
1235 3511 1372 3578 ostendit
1384 3511 1409 3593 1)
1434 3510 1566 3575 Menan-

342 3623 434 3688 drum
464 3623 498 3687 in
533 3624 641 3689 libello
677 3655 710 3693 π.
742 3633 767 3694 ἑ,
804 3627 848 3692 sic
886 3626 985 3705 citari,
1022 3623 1111 3710 quasi
1149 3627 1257 3687 auctor
1293 3643 1328 3684 eo
1367 3615 1568 3683 familiariter

343 3730 391 3795 uti
425 3730 553 3794 minime
588 3731 748 3813 videatur;
790 3734 897 3820 itaque
935 3731 1134 3798 Demetrium
1172 3729 1370 3801 Phalereum,
1409 3723 1461 3789 eui
1492 3724 1567 3788 ami·

343 3837 485 3903 cissimus
524 3839 697 3905 Menander
734 3841 854 3920 fuisset,
895 3848 1053 3907 auctorem
1105 3837 1159 3902 vix
1199 3859 1275 3901 esse.
1300 3873 1342 3880 —
1381 3830 1569 3918 gravissima

343 3952 527 4031 argumenta
573 3946 665 4011 Blass
679 3946 706 4035 2)
751 3957 858 4015 eontra
903 3947 1101 4014 Demetrium
1149 3943 1339 4008 Phalereum
1377 3939 1490 4004 affert:
1532 3939 1568 4003 li-

343 4051 420 4118 belli
466 4051 549 4117 enim
593 4061 753 4121 auctorem
800 4059 939 4144 quamvis
986 4051 1169 4119 Aristotelis
1219 4047 1374 4114 rhetorica
1421 4052 1570 4112 accurate

345 4289 662 4297 ....—--—-—-...—....

453 4444 474 4517 ι)
492 4443 626 4502 Hammer
643 4467 688 4521 pg.
709 4458 750 4507 59,

452 4543 473 4616 ⁹)
490 4535 586 4604 Blass:
606 4542 663 4599 Lit.
683 4542 831 4599 Oentralbl.
854 4542 872 4597 l.
892 4541 909 4598 l.
