3278 5332
800 346 1019 411 -23..

406 559 461 624 sed
495 558 571 625 licet
605 558 699 625 etiarn
735 561 817 625 ultra
853 559 1032 625 testimonia
1067 560 1202 626 auctoris
1241 558 1395 649 progredi.
1446 559 1529 648 quid

299 664 407 731 cuim?
453 668 536 752 quod
559 666 674 732 dicitur
689 667 789 731 forma
812 674 923 752 quarta
939 667 1167 753 quodammodo
1181 667 1273 733 irasci
1296 673 1328 733 et
1340 667 1527 748 conviciari,

299 796 375 837 num
399 772 491 839 irasci
514 780 545 839 et
569 773 737 840 conviciari
760 774 860 838 forma
876 777 1127 864 μεγαλοπρεπής
1151 775 1285 860 nequit?
1332 774 1447 859 Quid‘?
1470 775 1528 840 hic

298 878 365 944 illic
387 880 523 946 breviter
546 889 578 946 et
600 883 727 951 robuste
750 881 894 946 incedere
917 884 1062 949 vetatur?
1107 906 1183 946 num
1218 883 1453 948 vehementiam
1490 889 1525 950 et

298 983 451 1075 impetum
474 989 513 1053 ab
536 1013 573 1053 ea
596 988 871 1055 abiudicabimus‘?
917 988 1006 1073 quasi
1029 1011 1102 1053 vero
1125 988 1158 1052 in
1192 988 1242 1053 his
1267 988 1432 1054 affectibus
1458 1014 1526 1055 non

297 1117 418 1160 summa
441 1095 673 1181 magnificentia
696 1102 727 1161 et
742 1095 917 1161 sublimitas
933 1094 1016 1160 insit.
1042 1095 1135 1160 nimis
1160 1119 1232 1182 ergo
1250 1096 1410 1161 minutum
1436 1103 1526 1163 esset

297 1202 379 1267 hanc
402 1201 465 1266 iim
488 1203 607 1289 hasque
629 1203 880 1290 perturbationes
902 1203 961 1267 soli
985 1202 1103 1269 formae
1127 1209 1256 1289 quartae
1280 1226 1450 1269 reservare.

405 1316 513 1375 contra
543 1315 560 1378 ὅ
596 1309 701 1392 δεινός
723 1313 890 1400 χαρακτήρ
923 1310 1021 1376 libere
1044 1316 1076 1375 et
1099 1311 1241 1376 absolute
1271 1312 1309 1376 ab
1333 1309 1446 1376 ceteris
1470 1312 1524 1377 ad·

298 1415 400 1481 hiberi
423 1415 476 1480 vix
499 1424 610 1505 potest.
636 1442 709 1482 narn
733 1417 802 1503 quis
825 1417 907 1483 ferat
937 1417 1092 1482 orationes
1116 1417 1224 1482 audire
1248 1419 1307 1483 hac
1329 1417 1431 1485 forma
1452 1427 1525 1486 tan·

297 1530 365 1587 tum
389 1523 596 1612 compositas?
643 1526 712 1611 quis
747 1530 901 1589 oratorem
932 1548 989 1610 per
1013 1523 1173 1589 contiones
1197 1531 1278 1590 totas
1301 1524 1523 1613 imperantem,

297 1629 537 1717 vituperantem,
574 1631 801 1697 conviciantem
825 1631 978 1696 sustinere
1013 1636 1139 1717 potest?
1186 1637 1240 1696 aut
1264 1631 1334 1717 quis
1357 1633 1397 1698 ad
1422 1635 1524 1700 talem

297 1736 417 1804 deferat
439 1738 554 1825 primas
577 1745 704 1827 partes?
751 1738 820 1824 quis
844 1737 980 1824 denique
1004 1745 1108 1803 orator
1131 1745 1274 1804 versutus
1297 1739 1341 1804 sic
1358 1741 1524 1808 contione·

297 1850 371 1911 tur‘?
417 1869 494 1932 opus
529 1851 576 1911 est
610 1870 682 1932 ergo
715 1846 830 1912 oratori
861 1846 900 1910 ad
931 1845 1063 1910 formem
1088 1844 1199 1934 δεινήν
1222 1845 1394 1912 admiscere
1418 1849 1525 1936 digni-

296 1959 393 2018 tatem
415 1952 538 2039 generis
560 1954 663 2040 gravis
686 1955 737 2019 vel
760 1953 995 2041 simplicitatem
1018 1953 1182 2049 attenuati,
1210 1958 1244 2019 ut
1260 1976 1347 2018 mera
1370 1958 1525 2046 δεινότης

296 2058 348 2124 hic
371 2059 437 2125 illic
461 2060 605 2141 emineat,
631 2086 693 2125 non
717 2067 815 2127 totam
840 2060 1012 2126 oraticnem
1036 2060 1156 2147 impetu
1180 2083 1236 2124 suo
1261 2061 1426 2148 compleat.

402 2205 447 2270 ita
470 2206 568 2270 altera
585 2229 623 2271 ex
647 2213 734 2293 parte
758 2206 858 2270 forma
873 2206 979 2292 gravis
1002 2229 1064 2269 uon
1079 2228 1188 2292 expers
1211 2210 1258 2270 est
1269 2227 1377 2270 earum
1400 2229 1523 2287 rerum,

295 2334 376 2398 quae
410 2311 528 2377 formae
564 2317 671 2402 δεινῆς
703 2337 768 2378 esse
803 2315 842 2379 ab
877 2319 1002 2379 auctore
1038 2312 1197 2391 dicuntur;
1234 2313 1332 2376 altera
1364 2336 1404 2377 ex
1429 2322 1524 2401 parte

296 2420 395 2485 forma
419 2422 508 2506 δεινή
536 2429 718 2485 ornamenta
751 2421 855 2507 gravis
886 2427 941 2485 aut
964 2419 1088 2486 subtilis
1111 2419 1235 2505 generis
1259 2418 1426 2497 desiderat,
1454 2422 1522 2508 qui-

294 2531 423 2595 buscum
447 2528 481 2592 in
505 2527 698 2594 orationibus
722 2528 968 2594 commisceatur.

400 2671 571 2737 ostendisse
594 2671 674 2736 mibi
702 2670 809 2737 videor
841 2672 923 2739 inter
946 2672 1078 2737 formam
1100 2694 1228 2757 gravem
1252 2681 1284 2734 et
1306 2668 1522 2756 impetuosam

293 2778 487 2845 intercedere
503 2780 699 2866 aliquantum
716 2779 941 2845 similitudinis.
988 2779 1021 2842 in
1039 2803 1075 2844 eo
1092 2784 1198 2843 autem
1213 2776 1349 2842 maxime
1372 2776 1521 2846 diversae

293 2892 375 2965 suut,
401 2886 493 2972 quod,
518 2893 554 2953 ut
577 2893 685 2952 auctor
708 2887 809 2952 libelli
833 2916 867 2956 ττ.
894 2895 918 2955 ἑ.
944 2887 1029 2964 dicit,
1055 2886 1225 2951 nunidem
1249 2891 1391 2972 spectant
1413 2890 1519 2968 τέλος.

293 3017 367 3058 nam
390 2992 525 3072 videtur,
562 2999 598 3058 ut
632 3017 726 3081 supra
749 2994 977 3072 contendimus,
1013 2994 1033 3082 ἦ
1069 2996 1160 3077 δεινή
1195 2993 1234 3058 ad
1270 2992 1522 3061 continuandum

292 3107 416 3167 tantum
438 3101 604 3188 pertinere,
630 3101 650 3190 ἡ
673 3105 925 3191 μεγαλοπρεπής
948 3102 980 3165 in
1005 3100 1092 3167 libris
1115 3099 1287 3165 scribendis
1316 3099 1522 3187 potissimum

294 3207 436 3273 obtinere
460 3209 573 3287 locum,
598 3207 642 3273 ita
676 3214 711 3273 ut
733 3209 793 3272 hae
817 3207 934 3273 formae
957 3207 1069 3273 iisdem
1092 3208 1184 3279 rebus
1208 3206 1330 3272 diversa
1353 3207 1387 3272 in
1410 3209 1523 3276 officia
1558 3221 1560 3224 '

292 3321 431 3382 utantur.

398 3483 433 3524 ac
458 3483 568 3525 censeo
592 3462 652 3548 τήν
684 3458 855 3545 δεινότητα
888 3459 964 3524 olirn
987 3458 1083 3524 fuisse
1107 3464 1227 3546 partem
1255 3456 1358 3543 gravis
1381 3458 1518 3543 formae,

292 3570 331 3634 ab
354 3568 414 3632 hac
438 3591 511 3632 vcro
535 3567 705 3652 aliquando
739 3566 923 3632 dissolutam
947 3590 1013 3631 esse
1047 3573 1078 3631 et
1100 3565 1251 3652 peculiari
1274 3564 1401 3631 nomine
1426 3568 1521 3634 affec·

292 3683 357 3742 tam
379 3674 412 3739 in
431 3682 540 3760 quarto
565 3675 633 3739 loco
659 3673 771 3739 ceteris
787 3674 894 3739 formis
917 3698 984 3741 esse
1008 3673 1197 3739 adiunctam.
1223 3673 1279 3737 illa
1302 3672 1387 3737 enim
1407 3676 1520 3760 gravis

291 3783 392 3847 forma
416 3781 491 3846 olim
514 3780 619 3846 omnia
634 3781 797 3846 literarum
820 3806 935 3868 genera
952 3783 1217 3870 complectebatur
1233 3788 1327 3865 atque
1350 3781 1391 3846 ad
1406 3790 1523 3869 poetas

291 3889 518 3977 scriptoresque
541 3889 699 3976 pedestres
716 3895 747 3954 et
770 3890 809 3954 ad
833 3896 970 3955 oratores
985 3890 1170 3976 pertinebat.
1208 3888 1262 3954 sed
1279 3911 1350 3952 cum
1373 3889 1523 3960 rhetores

290 3996 437 4063 subtilius
461 3995 690 4081 distinguerent
712 3995 793 4062 inter
815 3998 1002 4083 gravitatem
1025 3997 1220 4084 scriptorum,
1246 4018 1325 4082 quae
1348 3996 1523 4082 magnifica

290 4104 394 4191 potius
427 4110 458 4168 et
492 4105 596 4190 ampla
626 4110 715 4182 esset,
747 4110 779 4169 et
801 4104 987 4189 gravitatem
1010 4110 1188 4181 oratorum,
1225 4127 1304 4189 quae
1336 4103 1370 4167 in
1393 4102 1524 4193 impetu

290 4211 518 4297 affectibusque
541 4210 732 4290 consisteret,
762 4210 836 4275 huic
865 4219 1024 4276 oratorum
1039 4272 1042 4279 ,
1058 4210 1204 4297 gravitati
1240 4234 1353 4274 novam
1376 4209 1518 4279 formam

291 4318 606 4384 accommodaverunt
640 4319 723 4404 apud
758 4318 890 4405 primam
920 4319 1133 4404 relinquentes
1156 4324 1263 4404 poetas
1286 4317 1524 4407 scriptoresque

290 4426 461 4512 pedestres.
510 4427 587 4490 haec
620 4449 701 4490 nova
724 4427 832 4504 forma,
867 4450 959 4511 quam
996 4425 1105 4512 δεινήν
1128 4427 1290 4503 vocabant,
1322 4427 1454 4493 carebat
1481 4427 1524 4496 iis

292 4531 490 4611 ornamentis
516 4556 596 4625 quae
619 4557 682 4597 non
706 4533 875 4620 proderant
898 4532 1081 4609 oratoribus,
1107 4532 1161 4619 qui
1186 4533 1237 4599 vel
1259 4531 1292 4596 in
1316 4531 1525 4604 contionibus
