3278 5332
609 323 828 390 ..21-

99 521 228 587 effecit:
253 520 459 607 intellegebat
482 520 730 586 Demosthenem
753 521 857 587 omnia
881 520 984 586 officia
1008 521 1134 586 dicendi
1167 528 1330 611 tantopere
1382 607 1384 612 .

97 640 281 716 praestare:
307 629 419 707 omnia,
446 652 649 714 quaecunque
673 651 728 716 per
751 635 848 694 artem
873 628 1058 694 rhetoricam
1075 629 1325 717 praescribeban-

98 742 165 815 tur,
190 742 255 800 tam
279 733 415 822 perfecte
439 735 489 799 vel
513 734 714 821 singulariter
737 736 881 822 explere,
908 759 973 801 esse
997 735 1030 800 in
1055 760 1091 801 co
1116 736 1248 803 virtutes
1272 738 1326 802 ali-

99 848 192 929 quot,
217 866 296 928 quae
320 841 353 906 in
376 842 475 906 tribus
499 841 562 906 illis
586 841 692 906 formis
716 866 778 906 101
802 844 1056 929 postularentur,·
1080 843 1125 908 ita
1158 850 1194 910 ut
1224 868 1327 932 neque

97 950 221 1017 finibus
244 949 338 1014 unius
363 949 481 1013 formae
505 973 607 1035 neque
631 949 747 1014 finibus
772 950 909 1015 omnium
935 949 1106 1015 formarum
1139 951 1327 1018 traditarum

98 1056 319 1123 circumscribi
341 1063 454 1143 posset,
480 1056 535 1121 sed
559 1064 595 1121 ut
617 1056 776 1122 videretur
800 1058 925 1122 divinus
948 1057 1003 1123 ille
1027 1065 1131 1124 orator
1153 1059 1220 1146 ipse
1236 1083 1326 1147 pecu·

97 1164 182 1230 liare
206 1186 305 1250 genus
328 1163 511 1242 instituisse,
538 1188 598 1249 quo
623 1163 728 1228 omnia
763 1164 875 1243 officia,
909 1189 1016 1231 omnes
1047 1165 1182 1252 denique
1214 1165 1329 1232 formas

98 1272 366 1358 complecteretur
391 1276 485 1356 atque
509 1271 593 1356 quod
616 1270 761 1337 immensi
785 1271 873 1358 regni
897 1271 995 1338 instar
1019 1280 1109 1351 esset,
1127 1274 1212 1359 quod
1234 1297 1326 1339 nemo

97 1378 165 1444 nisi
191 1379 420 1444 Demosthenes
444 1385 549 1464 posset
572 1402 688 1464 regere.
736 1379 830 1443 talem
866 1378 963 1465 igitur
997 1380 1128 1444 formam
1151 1380 1326 1468 Dionysius

97 1487 144 1551 ad
168 1511 266 1550 unum
293 1487 541 1550 Demosthenem
566 1487 829 1565 accommodabat,
857 1511 951 1573 quam
974 1493 1010 1552 ut
1034 1486 1245 1575 copiosissime
1276 1490 1326 1554 de·

99 1593 264 1663 scriberet.
290 1593 406 1658 librum
430 1616 522 1657 suurn
547 1600 693 1682 111ρῑτῆς
717 1599 862 1681 λεκτικῆς
886 1603 1117 1680 Λημοσθένους
1142 1597 1322 1684 δεινότητος

98 1701 289 1788 composuit.
337 1724 373 1765 ae
398 1707 516 1765 ceteras
540 1700 655 1765 formas
679 1725 715 1765 ea
739 1708 861 1766 tantum
886 1702 924 1766 de
960 1724 1052 1766 eausa
1084 1701 1118 1765 11
1149 1703 1210 1767 hoc
1242 1701 1321 1767 libro

97 1808 366 1884 commemoravit,
392 1815 427 1872 ut
451 1807 538 1893 quasi
562 1808 803 1873 fundamentum
826 1817 965 1897 poneret,
990 1809 1023 1871 in
1053 1833 1114 1894 quo
1139 1808 1325 1876 Demosthe·

95 1915 206 1980 nicam
230 1914 363 1980 formam
387 1922 554 1980 extrueret.
582 1913 638 2002 (cp.
666 1916 778 1998 VIII).

210 2041 312 2106 adhuc
336 2040 380 2106 it'a
396 2046 632 2126 argumentatus
656 2064 734 2119 sum,
753 2041 841 2126 quasi
855 2065 887 2106 re
911 2065 984 2105 vera
999 2040 1172 2127 Dionysius
1195 2041 1326 2108 formam

95 2154 245 2235 quartam
267 2147 452 2213 induxisset.
500 2171 601 2233 neque
625 2147 818 2227 inconsulto,
843 2172 926 2212 nune
950 2170 1023 2212 vero
1041 2171 1161 2223 causae,
1188 2172 1242 2213 cur
1264 2150 1324 2215 hoo

94 2255 205 2320 faeere
228 2255 362 2334 licuerit,
388 2255 564 2320 afferendae
588 2249 672 2320 sunt.
718 2254 852 2342 primum
875 2254 1048 2341 Dionysius
1083 2253 1149 2341 ipse
1172 2255 1322 2342 loquitur,

95 2362 192 2450 quasi
215 2363 253 2427 ad
277 2388 393 2428 novum
430 2363 549 2451 aliquid
586 2387 748 2449 aggressus
783 2363 840 2443 sit,
877 2386 1031 2449 nusquam
1055 2362 1108 2442 sic,
1148 2362 1237 2449 quasi
1259 2387 1325 2428 rem

94 2469 246 2537 traditam
280 2472 383 2535 (10110
417 2477 538 2536 tractet.
585 2495 739 2556 nusquam
763 2471 898 2536 aliorum
933 2477 1099 2558 praecepta
1133 2471 1171 2535 de
1205 2472 1264 2535 hac
1292 2494 1326 2536 re

93 2577 203 2663 tangit
226 2602 328 2664 neque
353 2578 482 2644 adnotat
512 2603 545 2643 se
583 2578 660 2643 alios
693 2578 781 2664 sequi
813 2584 867 2643 aut
891 2580 929 2643 ab
954 2578 1024 2643 aliis
1048 2578 1221 2643 dissentire.
1271 2579 1326 2643 sed

94 2709 157 2773 per
180 2691 281 2750 totum
304 2685 420 2750 librum
444 2687 608 2751 verborum
642 2688 727 2751 color
756 2686 782 2750 is
806 2693 861 2765 est,
896 2691 932 2750 ut
966 2685 1137 2752 sentiamus
1165 2690 1326 2749 auctorem

95 2816 183 2857 nova
206 2792 238 2855 in
262 2791 312 2857 via
347 2793 501 2880 progredi.
551 2818 589 2857 ex
625 2817 672 2881 cp.
699 2793 791 2861 VIII
820 2792 973 2880 imprimis
1003 2791 1251 2856 luculentissime
1275 2816 1324 2879 ap-

93 2906 190 2990 paret
213 2900 404 2986 Dionysium
426 2899 529 2988 ipsum
552 2900 709 2966 invenisse
732 2899 865 2965 formam
895 2900 987 2965 istam
1010 2898 1234 2964 Demosthenis
1256 2923 1325 2987 pro·

93 3008 210 3097 priam.
258 3013 290 3072 at
314 3009 520 3073 concedamus
545 3015 638 3073 antea
670 3009 800 3072 formam
825 3013 966 3093 quartam
992 3005 1148 3071 extitisse:
1184 3005 1323 3093 profecto

94 3139 164 3181 non
188 3116 435 3181 Demostheniea
459 3122 532 3194 erat,
559 3116 614 3180 sed
639 3114 833 3201 quibuslibet
857 3114 1030 3179 oratoribus
1054 3115 1104 3178 vel
1121 3112 1324 3200 scriptoribus

92 3224 237 3313 patebat.
285 3223 457 3309 Dionysius
482 3248 554 3309 ergo
579 3223 710 3286 formam
740 3245 937 3287 communem
970 3221 1014 3287 sic
1038 3221 1268 3287 circumcidisse
1292 3228 1325 3287 et

92 3330 294 3396 imminuisse
329 3331 486 3418 putandus
521 3338 610 3407 esset,
647 3335 682 3394 ut
719 3335 837 3394 ceteros
871 3329 1037 3416 scriptores
1072 3328 1146 3393 inde
1181 3327 1324 3414 exigeret

94 3461 234 3523 eamque
259 3437 469 3503 Demostheni
493 3438 548 3501 soli
573 3426 753 3501 reservaret.
802 3437 884 3522 quod
909 3436 987 3501 mihi
1021 3436 1107 3500 haud
1130 3435 1195 3501 veri
1219 3434 1320 3501 simile

94 3545 225 3610 videtur
247 3568 322 3610 0110.
369 3544 464 3608 immo
489 3568 561 3609 vero
586 3544 629 3608 110
653 3543 757 3631 potius
782 3543 922 3608 evenisse
944 3567 1126 3631 persuasum
1149 3544 1260 3621 habea,
1285 3548 1321 3607 ut

92 3651 187 3742 prius
210 3651 308 3716 forma
333 3650 577 3715 Demostheniea
612 3653 650 3716 ab
683 3650 792 3736 quovis
822 3652 945 3717 rhetore
981 3653 1159 3739 poneretur,
1193 3656 1260 3715 tum
1284 3673 1323 3714 ex

94 3758 345 3824 Demostheniea
380 3757 557 3822 efficeretur
591 3757 772 3822 eommunis.
821 3781 894 3822 nam
931 3770 1043 3822 natura
1077 3757 1157 3836 fert,
1193 3764 1229 3823 ut
1262 3758 1323 3822 hae

93 3868 217 3951 formae
251 3865 376 3931 dicendi
410 3865 490 3929 sicut
514 3888 620 3929 omnes
653 3888 703 3928 res
727 3889 766 3929 ex
788 3888 884 3952 parva
919 3864 1015 3951 stirpe
1050 3863 1213 3942 creverint,
1250 3870 1321 3928 tum

94 3979 210 4040 auctae
233 3973 295 4039 sint
318 3980 412 4059 atque
436 3973 652 4059 amplificatae.
679 3980 807 4059 apparet
829 3996 920 4059 porro
944 3978 1071 4058 propter
1094 3971 1320 4053 Demosthenis

94 4079 260 4166 ingenium
285 4080 427 4145 divinum
450 4079 542 4144 110110
578 4079 755 4166 quempiam
790 4079 912 4167 impelli
946 4079 1093 4167 potuisse,
1125 4085 1160 4142 11
1191 4077 1322 4143 formam

95 4187 258 4278 propriam
281 4187 561 4253 Dornosthenieam
594 4187 784 4268 institueret,
820 4186 924 4252 minus
948 4188 1060 4265 elucet,
1098 4210 1152 4250 cur
1186 4192 1321 4252 oratores

95 4297 200 4375 (velut
223 4295 332 4381 quiin
357 4320 418 4359 uno
443 4318 656 4360 0110100111
679 4296 894 4361 Demosthene
925 4293 1132 4380 habebantur)
1167 4293 1221 4380 qui
1244 4292 1322 4358 alibi

95 4405 229 4471 summis
261 4403 408 4469 laudibus
444 4427 462 4468 a
492 4402 647 4489 Dionysio
672 4403 841 4467 efferantur
876 4400 992 4489 quique
1027 4401 1108 4468 sicut
1142 4399 1321 4488 Hyperides

98 4517 133 4577 et
157 4509 333 4576 Aeschines
368 4534 467 4599 paene
502 4533 590 4597 pares
613 4509 821 4576 Demostheni
856 4531 924 4575 0110
956 4511 998 4578 ab
1033 4509 1143 4575 eodem
1166 4506 1321 4594 Dionysio
