3278 5332
702 314 923 400 ..lo-

199 555 280 620 quae
304 533 343 600 de
365 532 455 598 hiatu
479 534 588 596 auctor
611 527 714 595 libelli
738 557 773 597 π.
799 536 823 598 ἑ.
849 529 911 595 dat.
959 536 1098 608 namot
1120 554 1214 618 supra
1238 555 1431 597 commemo·

200 641 347 720 ravimus,
373 646 498 705 tantum
521 639 620 718 abest,
646 643 681 701 ut
704 643 812 702 auctor
837 636 987 703 Isocratis
1009 637 1210 704 severitatem
1239 637 1273 703 in
1297 639 1431 705 vitando

199 751 320 838 probet,
352 754 389 813 ut
420 745 510 811 hiatu
545 745 710 810 verborum
743 743 904 809 meliorem
929 750 961 809 et
992 745 1167 832 pleniorem
1198 769 1311 811 sonum
1344 746 1433 811 esfioi

201 855 377 922 arbitretur.
425 852 532 937 itaque
556 875 619 916 non
642 850 734 915 modo
758 849 825 938 ipse
849 851 996 928 admittit,
1021 852 1076 917 sed
1101 853 1195 919 etiam
1224 859 1260 919 ut
1283 853 1432 934 admitta

200 971 260 1040 tur,
286 961 400 1028 diserte
423 958 578 1048 postulat;
604 957 680 1044 quin
705 957 800 1023 etiam
824 959 970 1046 explicat,
994 958 1053 1044 qui
1073 960 1159 1026 modi
1181 959 1286 1027 hiatus
1311 959 1345 1025 in
1362 959 1432 1046 qui.

201 1072 259 1137 bus
289 1068 397 1135 formis
426 1064 552 1132 dicendi
583 1063 735 1153 aptissimi
765 1064 828 1131 sint
852 1064 905 1152 (ἓὲ
928 1068 1078 1145 68-74;
1105 1069 1188 1149 207;
1215 1068 1429 1155 299-301).

202 1185 391 1266 quapropter
437 1175 479 1239 H.
512 1173 550 1239 de
581 1173 714 1238 Rohden
729 1173 756 1261 ¹)
788 1172 934 1238 libellum
963 1200 997 1238 rr.
1023 1177 1047 1240 ἑ.
1072 1173 1110 1239 iis
1135 1175 1329 1263 temporibus
1370 1176 1434 1242 ool·

202 1285 306 1351 locare
329 1282 454 1349 videtur
479 1321 519 1328 —
545 1281 739 1346 videtur
772 1279 852 1359 dico,
883 1305 956 1345 nam
989 1289 1096 1368 aperte
1130 1281 1319 1348 sententiam
1340 1305 1435 1348 suam

202 1417 264 1458 non
288 1392 452 1480 profitetur
470 1428 510 1436 --
528 1412 600 1454 oum
622 1394 692 1476 post
715 1388 870 1476 sophistas
885 1387 991 1454 hiatus
1016 1388 1136 1455 vitandi
1152 1390 1307 1459 studiosos
1325 1390 1432 1471 (citat:

202 1499 419 1577 Plutarchum,
454 1495 623 1573 Galerium,
655 1495 884 1574 Ptolemaeum,
919 1495 1103 1573 Aristidem,
1129 1497 1325 1584 Appianum,
1350 1497 1435 1562 Pau-

203 1606 332 1685 saniam,
367 1603 592 1682 Callistratum,
618 1602 760 1688 quamvis
784 1626 823 1667 ex
846 1601 895 1667 his
920 1602 974 1667 alii
997 1603 1075 1669 alias
1099 1604 1234 1670 rationes
1257 1603 1365 1670 hiatus
1390 1603 1435 1670 vi·

203 1712 292 1780 tandi
315 1710 415 1777 secuti
438 1709 515 1795 sint)
545 1709 569 1775 ii
598 1709 787 1797 scripserint,
820 1709 875 1795 qui
908 1710 1031 1777 hiatum
1054 1711 1184 1777 consilio
1208 1735 1243 1777 ac
1268 1711 1436 1777 voluntate

204 1821 407 1907 neglegerent
441 1821 675 1899 (enumerantur
707 1817 878 1900 Lucienus,
908 1817 1071 1894 Aelianus,
1103 1819 1295 1894 Philostrati,
1322 1818 1429 1884 Hero·

206 1927 327 2006 dianna,
358 1924 439 2004 Dio,
464 1923 618 2012 Apsines).
667 1923 780 1990 deinde
809 1925 953 1992 libellum
977 1932 1050 1991 ante
1075 1924 1219 1992 Oassium
1242 1925 1438 2013 Longinum

206 2057 272 2100 esse
295 2032 456 2120 scriptum,
481 2031 535 2117 qui
557 2031 646 2096 illam
668 2031 829 2098 licentiam
859 2034 1045 2098 submovens
1078 2033 1232 2105 severiora
1253 2032 1370 2099 iterum
1396 2034 1438 2099 de

210 2142 300 2208 hiatu
322 2138 562 2228 praescipsisset.
610 2160 703 2224 qnam
727 2140 887 2206 Rohdenii
920 2139 1099 2228 opinionem
1133 2140 1278 2207 lubenter
1307 2161 1437 2226 sequor,

207 2255 359 2314 nontam
383 2247 458 2333 quia
489 2246 582 2335 plane
611 2270 650 2312 ex
680 2270 750 2311 mea
765 2251 768 2257 '
784 2270 817 2313 re
841 2255 896 2327 est,
921 2269 1015 2333 quam
1039 2249 1123 2333 quod
1146 2246 1343 2336 probabilem
1367 2272 1438 2334 pro-

205 2355 287 2423 fecto
310 2354 426 2420 iudico.
474 2377 514 2418 an
538 2353 652 2447 quibus
667 2354 770 2441 potius
796 2354 988 2442 temporibus
1011 2354 1068 2420 illa
1089 2356 1129 2420 de
1152 2354 1241 2420 hiatu
1264 2363 1439 2442 praecepta

212 2462 423 2530 conveniant?
469 2482 565 2546 quare
594 2460 717 2527 etiamsi
747 2463 807 2527 hoc
839 2486 878 2527 ex
909 2469 1092 2548 argumento
1120 2486 1182 2527 non
1205 2462 1238 2527 id
1262 2463 1426 2527 lucremur

209 2579 245 2636 ut
267 2575 402 2636 aetatem
421 2567 523 2634 libelli
546 2595 579 2636 π.
593 2575 619 2637 ἑ.
636 2568 866 2634 accuratissime
890 2570 1099 2649 enucleemus,
1116 2578 1220 2636 tamen
1244 2575 1312 2635 tota
1336 2593 1429 2655 argu·

209 2676 359 2743 mentatio
383 2680 490 2741 nostra
512 2676 736 2741 corroboratur.
762 2716 804 2723 —
828 2676 866 2742 de
890 2678 1012 2743 duobus
1036 2677 1237 2764 argumentis,
1261 2698 1344 2762 quae
1368 2678 1439 2742 huc⁴

210 2784 369 2873 pertinent
391 2784 431 2849 de
454 2804 493 2851 mr
513 2789 545 2848 et
567 2813 606 2851 ττ
638 2790 732 2868 atque
767 2784 806 2849 de
836 2784 1103 2872 comparationum
1130 2784 1308 2869 frequentia
1336 2807 1435 2872 supra

210 2893 306 2959 rerba
328 2890 469 2957 fecimus.
515 2889 623 2975 itaque
647 2914 686 2955 ex
708 2890 724 2955 f
730 2915 844 2956 orma
867 2891 968 2957 libelli
994 2892 1080 2957 idem
1103 2891 1310 2970 concluditur,
1345 2893 1434 2977 quod

213 3023 253 3064 ex
287 2998 398 3064 ceteris
434 2997 634 3084 argumentis,
673 3021 785 3085 nempe
820 3004 855 3063 ut
888 2998 1014 3064 libellus
1049 3000 1174 3065 saeculo
1213 2997 1251 3064 Il
1292 3024 1320 3087 p.
1365 2998 1454 3064 Chr..

214 3105 407 3194 compositus
442 3104 491 3182 sit,
528 3103 671 3191 quamvis
700 3105 868 3170 concedam
901 3129 973 3171 eum
1008 3106 1194 3172 »terminum
1226 3112 1299 3171 ante
1323 3127 1442 3191 quem«

213 3213 269 3298 qui
292 3219 420 3301 propter
438 3212 586 3278 Aristidis
610 3218 642 3278 et
657 3212 866 3297 Hermogenis
890 3212 1065 3279 doctrinam
1088 3215 1127 3280 de
1150 3212 1229 3279 ideis
1253 3221 1348 3281 antea
1373 3239 1447 3280 cou-

214 3319 344 3400 stitutus
368 3326 444 3398 erat,
469 3343 508 3384 ex
531 3319 664 3385 forma
686 3318 788 3385 libelli
810 3344 873 3384 non
897 3320 1051 3406 cognosci.

430 3485 535 3492 ——--

324 3552 345 3621 ¹)
364 3553 401 3606 H.
422 3554 455 3606 de
475 3553 604 3607 Rohden:
625 3553 657 3605 de
678 3552 737 3606 VII
756 3552 894 3606 miraculis
914 3552 999 3606 Bonu.
1023 3555 1089 3606 1875
1108 3571 1152 3622 pg.
1173 3555 1215 3609 87.
