3278 5332
840 336 1042 402 ...6-

435 530 542 617 itaque
557 533 639 597 hanc
655 531 746 610 viam,
772 553 834 618 qua
845 532 937 599 Liers
949 557 1019 599 mea
1041 533 1196 600 sententia
1212 559 1275 599 non
1288 541 1381 616 recte,
1400 537 1560 602 Hammer

329 661 393 702 non
418 637 457 702 ad
480 641 576 704 finem
608 663 788 727 progressus
822 646 878 720 est,
914 647 1022 728 postea
1058 643 1121 707 alia
1154 641 1275 707 rationo
1306 644 1450 730 persequi
1476 644 1558 708 mihi

328 744 524 832 propositum
549 752 605 812 est.

435 893 466 951 in
489 890 583 955 rebus
606 889 746 977 locisque
770 888 902 976 singulis
931 890 1102 957 tractandis
1127 891 1217 956 Liers
1241 899 1272 957 et
1296 892 1449 958 Hammer
1483 894 1552 958 dili-

327 994 509 1080 gentissime
533 1003 716 1078 versantur;
741 997 809 1062 iure
832 996 906 1062 huic
948 998 1052 1064 studio
1076 1022 1203 1086 operam
1226 999 1398 1077 insumunt,
1429 1001 1484 1064 sed
1510 1025 1557 1078 ea,

328 1102 465 1188 quaein
489 1101 733 1192 disputationem
751 1104 958 1182 deduxerunt,
984 1129 1093 1193 parum
1112 1106 1226 1172 valent.
1253 1113 1422 1192 antequam
1446 1115 1555 1173 autem

329 1234 374 1288 ea,
408 1209 522 1296 quibus
556 1235 628 1277 suas
663 1211 724 1299 ipsi
757 1211 928 1278 sententias
964 1212 1132 1278 defendere
1166 1214 1372 1292 studuerunt,
1403 1216 1555 1293 tractab0,

327 1320 449 1407 aliquot
471 1326 656 1408 argumenta
679 1318 786 1407 paucis
810 1319 1027 1407 perstringam,
1064 1344 1144 1407 quae
1168 1344 1240 1385 cum
1265 1323 1304 1386 ab
1328 1321 1397 1387 aliis
1421 1346 1471 1385 vr.
1499 1322 1551 1386 dd.

327 1435 394 1494 tum
430 1430 468 1495 ab
503 1428 675 1493 Hammero
711 1433 818 1492 contra
857 1427 1058 1493 Demetrium
1092 1428 1282 1493 Phalereum
1320 1428 1442 1515 prolata
1480 1435 1557 1493 sunt

326 1559 428 1622 neque
458 1559 531 1601 vero
555 1559 625 1600 mea
648 1533 776 1621 quidem
799 1534 956 1600 sententia
979 1534 1139 1601 sufficiunt
1167 1535 1207 1599 ad
1231 1535 1346 1600 Liersii
1370 1535 1553 1623 opinionem

325 1641 533 1708 refutandam.
569 1641 692 1707 Liersio
715 1640 812 1727 igitur
835 1641 914 1707 haee
937 1641 1094 1707 refellenti
1107 1641 1209 1707 facere
1233 1667 1296 1706 non
1312 1667 1448 1730 possum,
1475 1641 1553 1728 quin

329 1749 488 1838 astipuler.

440 1898 460 1975 ξ
498 1894 560 1958 108
600 1891 683 1957 enim
718 1894 884 1981 πορφύραι
929 1896 1084 1960 πλατεῖαι
1129 1899 1433 1970 commemorantur,
1476 1915 1556 1976 quos

329 2001 542 2065 Romanorum
576 2000 658 2064 latos
694 1999 798 2063 clavos
830 2021 897 2063 esse
921 1998 1075 2063 Hammer
1097 1999 1233 2064 affirmat
1245 2001 1267 2082 1)
1291 2000 1414 2064 Liersio
1444 2004 1555 2063 contra

326 2108 451 2173 dicente
465 2106 500 2195 2).
559 2104 586 2171 si
618 2107 835 2171 Romanorum
869 2113 962 2184 sunt,
998 2130 1016 2170 a
1058 2106 1221 2172 Demetrio
1258 2108 1411 2171 Phalereo
1446 2128 1551 2190 neque

324 2215 412 2279 locus
443 2213 495 2279 hie
524 2237 626 2300 neque
655 2254 697 2263 —=
721 2212 754 2277 id
792 2213 876 2299 quod
909 2213 1050 2300 sequitur
1079 2253 1123 2261 -
1152 2214 1280 2281 libellus
1304 2221 1388 2280 totus
1419 2213 1554 2299 scriptus

327 2327 382 2387 est.
440 2321 683 2388 controversiam
722 2344 794 2385 vero
833 2321 921 2386 illam
959 2345 1024 2385 non
1064 2321 1269 2388 diiudicatam
1305 2345 1415 2388 conseo
1448 2344 1553 2406 neque

325 2427 492 2494 diiudicari
525 2452 624 2517 posse.
652 2466 692 2475 —
715 2452 778 2493 nou
802 2427 991 2494 fructuosius
1015 2427 1140 2494 videtur
1163 2436 1321 2495 certamen
1344 2431 1383 2495 de
1417 2429 1550 2495 nornine

325 2541 345 2625 ἡ
358 2549 416 2606 νέα
431 2541 585 2628 κωμῳδία
610 2538 643 2619 (ξ
660 2525 747 2618 208),
772 2559 848 2600 num
864 2535 1038 2600 Phalereus
1062 2559 1098 2600 eo
1122 2536 1169 2601 uti
1185 2537 1332 2624 potuerit.
1380 2562 1452 2602 nam
1477 2538 1552 2602 iure

326 2643 455 2730 quidem
477 2643 631 2708 Hammer
654 2648 749 2729 negat
758 2641 784 2730 3)
815 2633 962 2708 Phalerei
986 2647 1088 2708 aetate
1120 2643 1184 2708 iam
1211 2644 1271 2709 tria
1294 2644 1354 2709 ista
1377 2646 1551 2711 comoedia·

324 2775 395 2815 rum
417 2750 518 2839 spatia
540 2757 720 2838 temporeve
744 2749 891 2816 distincta
914 2772 989 2814 esse.
1026 2757 1058 2815 at
1080 2752 1140 2815 hoc
1174 2751 1300 2816 nomine
1325 2752 1420 2817 etiam
1443 2761 1550 2818 totum

324 2858 480 2924 recentius
504 2857 736 2923 comoediarum
765 2881 864 2942 genus
896 2855 1067 2943 significari
1096 2864 1218 2945 poterat
1251 2872 1282 2924 ct
1313 2859 1377 2924 iam
1408 2861 1446 2925 ab
1479 2859 1552 2924 Ari-

324 2967 420 3032 totele
432 2965 514 3032 inter
537 2965 597 3054 τήν
621 2968 739 3054 καινήν
759 2972 790 3030 et
803 2968 949 3054 ἀρχαίαν
973 2970 1148 3056 κωμῳδίαν
1165 2965 1334 3031 discretum
1348 2989 1413 3032 esso
1425 2968 1451 3051 4)
1475 2967 1552 3032 satis

327 3079 416 3140 const
435 3079 457 3140 t.
476 3072 648 3138 --deinde
671 3072 788 3160 sune),
814 3071 869 3157 qui
891 3079 1019 3159 propter
1041 3072 1168 3139 Sotadis
1191 3098 1306 3138 nomen
1330 3098 1551 3139 commemora-

325 3187 393 3247 tum
419 3177 450 3267 (ξ
477 3181 563 3267 189),
593 3178 647 3266 qui
679 3178 819 3266 aequalis
842 3178 1006 3245 Demetrio
1031 3181 1143 3267 eratl),
1177 3179 1320 3246 libellum
1344 3189 1414 3268 post
1436 3183 1541 3247 Deme

433 3499 452 3569 ¹)
470 3501 601 3556 Hammer
619 3517 664 3570 pg.
685 3504 726 3554 58.

433 3589 455 3660 ²)
473 3591 552 3646 Liers
571 3591 650 3645 Jhrb.
670 3590 690 3644 f.
710 3589 760 3644 Ph.
780 3606 824 3658 pg.
846 3592 906 3644 712.

432 3680 453 3749 ⁸)
470 3681 602 3735 Hammer
620 3697 665 3750 pg.
686 3684 727 3733 58.
921 3742 924 3747 ¹

432 3768 453 3838 ⁴)
471 3769 586 3825 Adstot.
617 3769 696 3824 ethic.
716 3768 820 3823 Nicom.
840 3769 892 3838 IV,
907 3772 947 3822 14.
986 3769 1125 3824 eominus
1153 3769 1222 3824 utile
1251 3776 1387 3824 certamen
1406 3778 1454 3839 est,
1481 3772 1553 3838 quod

325 3861 409 3916 verba
428 3858 444 3924 ἦ
463 3865 512 3913 νέα
533 3860 647 3914 fortasse
666 3865 730 3913 sunt
748 3859 920 3927 interpolata.

433 3965 453 4035 ὅ)
471 3966 560 4021 Walz.
580 3983 694 4034 prooem.
715 3966 768 4020 Rh.
788 3966 835 4021 Gr.
855 3966 908 4035 IX,
934 3983 978 4035 pg.
1000 3967 1033 4021 V.
1072 3966 1171 4038 Christ,
1192 3967 1238 4022 Gr.
1259 3967 1413 4022 Iit-(iesch.
1440 3985 1485 4036 pg.
1500 3973 1551 4021 443

327 4057 417 4112 adnot.
438 4062 462 4114 6.
498 4056 631 4110 Hammer
649 4073 693 4126 pg.
714 4061 755 4110 55.

433 4162 550 4231 ⁰)Dem.
569 4163 646 4217 Phal.
676 4169 737 4231 post
764 4179 863 4216 annum
883 4166 934 4216 285
963 4179 987 4216 a.
1008 4163 1070 4217 Chr.
1100 4169 1221 4218 mortuus
1251 4169 1305 4226 est3
1335 4164 1448 4219 Sotades
1476 4165 1553 4219 iussu

330 4253 480 4308 Ptolemaei
498 4252 680 4322 Philadelphi,
700 4252 746 4320 qui
765 4256 816 4306 283
836 4268 951 4321 regnare
970 4253 1065 4323 coepit,
1085 4253 1245 4309 interfectus
1271 4269 1328 4307 esse
1347 4254 1473 4322 traditur,
1494 4255 1552 4308 veri

329 4342 417 4398 simile
437 4348 478 4397 est
497 4358 557 4396 eum
576 4343 649 4396 haud
667 4342 708 4398 ita
726 4342 811 4396 multo
838 4348 899 4409 post
928 4358 1007 4409 quam
1026 4343 1197 4397 Ptolemaeus
1222 4341 1357 4397 Arsinoen
1385 4360 1500 4397 sororem
1520 4344 1550 4397 in

330 4431 532 4486 matrimonium
551 4431 639 4500 duxit,
657 4431 762 4502 obiisse,
782 4447 844 4485 nam
863 4437 972 4499 propter
990 4432 1040 4486 hoc
1058 4431 1259 4486 matrimonium
1272 4433 1427 4486 Ptolemaeo
1454 4441 1481 4487 et
1501 4434 1552 4486 Ar-

327 4521 419 4579 sinoae
438 4519 605 4579 conviciatus
624 4527 673 4575 est.
692 4521 785 4593 itaque
805 4522 930 4591 aequales
949 4521 1062 4576 Sotades
1081 4528 1109 4578 et
1127 4521 1204 4576 Dem.
1225 4521 1302 4575 Phal.
1320 4522 1404 4576 fuisse
1417 4522 1551 4578 videntur.
