3278 5332
832 337 1052 405 ,16-

330 542 449 628 figurae
472 539 637 606 verborum
661 544 692 604 et
715 535 950 612 sententiarum,
975 542 1045 623 post
1068 557 1216 599 numerus
1252 530 1401 598 orationis
1437 529 1559 618 magni-

331 649 417 713 ficae.
465 646 556 712 aliter
578 669 614 711 ac
640 644 751 710 Cicero
775 667 843 708 rem
879 642 943 729 egit
967 641 1140 728 Dionysius
1163 639 1474 720 Halicarnassensis;
1502 639 1559 726 qui

333 755 372 820 de
395 753 502 818 formis
525 753 602 839 quid
624 751 764 830 senserit,
790 751 907 838 optime
931 773 970 814 ex
993 749 1111 828 libello,
1138 770 1231 834 quem
1266 749 1304 813 de
1327 748 1556 813 Demosthenis

332 861 364 926 vi
388 861 514 927 dicendi
537 860 721 926 admiranda
743 857 875 945 scripsit,
900 856 1104 943 intellegitur.
1152 856 1185 920 in
1208 858 1268 921 hoc
1302 856 1385 921 enim
1419 855 1560 944 primum

334 969 373 1033 de
396 967 435 1033 iis
469 967 672 1055 scriptoribus
706 966 858 1052 loquitur,
884 964 938 1051 qui
975 965 1107 1029 formam
1141 964 1301 1050 grandem,
1327 964 1382 1048 qui
1416 973 1557 1042 tenuem,

335 1074 389 1160 qui
412 1074 545 1140 mixtam
568 1074 705 1163 perfecte
730 1073 928 1140 absolverint.
977 1071 1091 1137 deinde
1115 1072 1328 1137 demonstrare
1361 1072 1470 1137 studet
1495 1095 1559 1135 om-

334 1183 422 1248 nium
456 1183 627 1247 formarum
660 1205 767 1246 omnes
802 1181 933 1246 virtutes
972 1179 1004 1244 in
1037 1181 1253 1245 Demosthene
1288 1203 1446 1266 apparere.
1475 1179 1561 1243 inter

335 1314 397 1370 eos,
422 1311 499 1376 quos
513 1288 627 1353 formas
643 1288 760 1375 optime
776 1288 949 1353 excoluisse
965 1287 1093 1365 iudicat,
1119 1296 1150 1352 et
1173 1294 1309 1352 oratores
1333 1295 1364 1353 et
1387 1286 1555 1373 scriptores

337 1403 509 1474 enumerat,
522 1404 558 1463 ut
569 1396 788 1483 Thucydidem
801 1396 834 1460 in
844 1396 943 1460 forma
953 1396 1073 1481 grandi,
1087 1396 1217 1482 Lysiam
1227 1397 1258 1459 in
1270 1402 1440 1474 attenuata,
1454 1395 1560 1459 Plato·

251 1548 253 1552 ι
336 1529 409 1570 nem
421 1511 453 1570 et
464 1505 636 1570 Isocratem
645 1504 677 1568 in
686 1504 793 1570 mixta.
811 1504 953 1591 inopere,
968 1504 1326 1591 quoddecompositioue
1340 1502 1561 1568 verborumin-

337 1611 468 1700 scripsit,
482 1621 545 1678 tres
557 1611 788 1699 compositionis
801 1611 909 1676 modos
921 1611 1098 1698 perlustrat,
1113 1611 1167 1695 qui
1175 1611 1291 1676 adillas
1299 1610 1413 1676 formas
1424 1616 1487 1675 tres
1496 1634 1562 1674 non

338 1726 482 1785 accurate
498 1719 696 1806 respondent.
722 1720 771 1784 his
788 1718 889 1783 modis
906 1740 1030 1804 quoque
1044 1719 1187 1806 exempla
1200 1743 1263 1783 non
1275 1719 1377 1783 selum
1391 1742 1429 1782 ex
1442 1717 1561 1796 restris,

339 1827 393 1891 sed
407 1826 526 1892 etiame
536 1826 635 1892 literis
648 1833 678 1892 et
690 1828 789 1892 multo
802 1827 894 1914 plura
906 1826 1029 1891 eliteris
1044 1825 1178 1913 repetita
1187 1826 1310 1906 tribuit,
1325 1825 1451 1912 grandi:
1470 1824 1562 1890 Anti-

340 1935 495 2013 machum,
509 1935 745 2021 Empedoclem,
759 1934 941 2012 Pindarum,
958 1934 1150 2019 Aeshylunr;
1169 1958 1267 1999 unum
1284 1941 1453 1999 oratorem:
1470 1933 1563 1998 Anti-

339 2043 499 2131 phontem.
517 2042 646 2106 floridae
657 2043 728 2107 hes:
747 2041 932 2119 Hesiodum,
948 2041 1085 2129 Sapphc,
1103 2044 1342 2120 Anacreontem,
1354 2041 1563 2118 Simonidem,

341 2150 516 2238 Ephorum,
529 2149 782 2236 Theopompum3
797 2174 894 2213 unum
906 2157 1074 2214 oratorem:
1088 2149 1268 2215 Isocratem.
1282 2149 1397 2214 mixtae
1410 2150 1480 2213 hos:
1496 2149 1563 2213 Ho-

342 2281 472 2335 merum,
483 2255 708 2334 Stesichorum,
718 2256 885 2334 Alcaeum,
900 2255 1099 2342 Sophoclem,
1112 2257 1319 2335 Herodotum,
1332 2255 1563 2331 Democritum,

342 2365 518 2436 Platonem,
531 2362 733 2429 Aristotelem
741 2388 748 2444 ;
757 2388 855 2427 unum
864 2375 1016 2428 oratorem
1026 2385 1032 2426 :
1043 2364 1299 2429 Demosthenem.
1314 2363 1565 2449 videsergoDio-

343 2471 468 2559 nysium
501 2495 542 2536 ex
577 2470 726 2536 universo
762 2470 909 2535 erationis
940 2494 1049 2558 prosae
1081 2495 1196 2556 genere
1222 2471 1266 2557 (in
1298 2471 1561 2558 »compositione«

343 2578 439 2644 etiam
470 2602 509 2642 ex
541 2577 639 2666 poesi)
676 2578 821 2664 exempla
856 2601 1014 2642 assumere
1048 2593 1140 2662 atque
1164 2577 1275 2643 iisdem
1312 2578 1419 2643 formis
1443 2585 1474 2643 et
1500 2602 1567 2643 ora-

344 2692 447 2752 torum
471 2692 502 2751 et
525 2683 710 2774 scriptorum
735 2686 879 2773 exempla
910 2685 1057 2750 tribuere.
1108 2685 1253 2772 Dionysii
1277 2691 1379 2750 aetate
1412 2685 1468 2749 alii
1493 2707 1568 2770 quo-

345 2815 406 2879 que
429 2790 489 2857 viri
513 2791 668 2858 eiusmodi
691 2791 870 2878 questiones
893 2799 1106 2879 susceperunt,
1132 2794 1219 2858 velut
1236 2793 1393 2858 Caecilius
1410 2798 1442 2872 et
1457 2800 1570 2880 postea

345 2898 655 2986 Pseudo-Longinus,
681 2898 735 2984 qui
758 2897 875 2964 libellis
898 2912 972 2990 περὶ
1002 2897 1111 2991 ὕψους
1141 2899 1298 2987 inscriptis
1322 2900 1454 2966 formam
1477 2923 1570 2986 gran·

346 3007 418 3073 dem
441 3007 689 3094 explanaverunt
713 3014 807 3092 atque
831 3006 1057 3093 disputationes
1089 3031 1160 3072 suas
1189 3007 1344 3072 latissime
1369 3008 1571 3073 effundentes

347 3113 510 3180 materiam
532 3137 679 3200 magnam
702 3137 742 3178 ex
764 3113 909 3179 omnibus
932 3115 1094 3180 literarum
1118 3115 1259 3203 partibus
1283 3123 1570 3201 congregaverunt;

347 3221 668 3307 Pseudo-Longinus
704 3221 798 3287 etiam
832 3222 932 3309 poetis
971 3223 1069 3310 magis
1104 3223 1208 3288 farere
1243 3223 1376 3289 ridetur.
1398 3307 1402 3313 .
1424 3222 1573 3288 venimus

349 3351 433 3394 nune
457 3329 496 3394 ad
521 3327 764 3413 Quintilianum,
789 3330 845 3415 qui
868 3331 1048 3396 summatim
1072 3331 1110 3397 de
1141 3330 1260 3396 naturis
1283 3331 1375 3395 medo
1400 3330 1573 3394 formarum

348 3438 444 3504 verba
477 3436 599 3524 facit.¹)
654 3443 777 3524 praeter
817 3436 931 3502 formas
977 3437 1151 3524 antiquitus
1188 3438 1318 3504 traditas
1358 3438 1452 3504 etiam
1492 3438 1573 3504 alias

350 3550 581 3622 commemorat,
616 3565 696 3629 quae
731 3543 813 3609 inter
841 3544 911 3610 illas
936 3546 1039 3610 media
1062 3547 1132 3610 loca
1154 3552 1292 3624 teneant,
1324 3546 1369 3611 ita
1400 3552 1435 3610 ut
1465 3546 1575 3633 plures

350 3651 450 3718 tribus
473 3650 618 3716 existant.
666 3649 766 3715 forma
795 3675 869 3715 vero
901 3651 1085 3739 impetuosa,
1119 3674 1199 3738 quae
1229 3652 1262 3716 in
1285 3652 1394 3717 libelle
1419 3681 1453 3720 rr.
1480 3659 1507 3721 ἑ.
1534 3654 1575 3718 ad

351 3765 413 3825 tres
450 3766 568 3824 ceteras
603 3757 748 3838 additur,
788 3780 890 3845 neque
926 3766 1184 3826 commemoratur
1219 3761 1302 3848 apud
1337 3760 1577 3845 Quintilianum

351 3886 454 3951 neque
477 3864 663 3931 describitur
685 3864 802 3946 verbis;
828 3865 947 3946 dubito,
972 3891 1048 3931 num
1072 3866 1288 3951 Quintilianus
1312 3891 1381 3932 eam
1411 3868 1445 3931 in
1467 3876 1578 3935 mente

352 3972 506 4052 habuerit,
532 3996 604 4038 eum
616 3972 747 4037 formam
768 3995 866 4059 »quae
881 3973 1005 4060 gravior
1022 3975 1117 4039 etiam
1133 3974 1221 4060 gravi
1238 3980 1346 4050 esset«
1365 3973 1576 4061 significaret,

352 4080 504 4166 usquead
517 4078 708 4164 Quintiliani
721 4087 857 4147 aetatem
869 4104 934 4146 nen
948 4081 1066 4147 violata
1078 4103 1181 4167 neque
1194 4105 1342 4147 conversa
1354 4105 1421 4147 esse
1438 4081 1577 4149 videtur.

355 4193 484 4275 apparet
507 4193 614 4253 autem
637 4188 676 4252 ab
700 4188 759 4252 hoe
782 4189 906 4254 rhetore
922 4195 1021 4254 tetam
1043 4188 1076 4252 in
1099 4189 1213 4254 formas
1230 4188 1464 4254 distinctionem
1488 4191 1581 4278 parvi

464 4508 486 4578 1)
506 4508 599 4578 Quint.
620 4508 688 4562 Inst.
710 4508 755 4562 Or.
779 4508 848 4578 ΧΠ,
861 4513 902 4578 10,
922 4512 955 4561 58
976 4525 1032 4576 sqq.
