3278 5332
711 360 912 431 ,4-

198 566 364 644 Phalereo,
390 589 470 652 quae
493 589 593 654 paene
617 563 697 629 nihil
732 565 853 630 valent:
887 585 986 626 unum
1010 561 1273 649 Theophylacti¹l
1305 563 1426 629 archio-

200 673 321 762 piscopi
343 673 566 760 Bulgarorum,
592 671 646 759 qui
671 673 726 737 XI
749 671 873 736 saeculo
897 668 973 748 fuic3
999 671 1132 735 alterum
1157 669 1330 759 Taetzae2).

305 798 491 866 testimoniis
507 822 580 885 ergo
596 822 658 863 non
683 797 824 884 cogimur
839 797 1038 863 Demetrium
1054 797 1245 863 Phalereum
1263 804 1425 863 auctorem

199 929 376 993 agnoscere.
417 906 493 993 quin
517 906 625 984 etiam,
651 904 681 970 oi
704 905 882 971 testimonio
896 905 931 993 3)‚
958 906 1040 969 unde
1057 903 1210 970 efficimus
1222 904 1425 970 Demetrium

200 1013 357 1100 quendam
380 1013 482 1079 libelli
505 1040 539 1080 rr.
565 1020 590 1081 ἑ.
616 1020 773 1078 auctorem
791 1013 897 1090 fuisse,
923 1014 1025 1078 obstat
1070 1011 1335 1101 testimonium4),
1361 1037 1424 1098 quo

199 1144 261 1186 non
296 1121 488 1200 Demetriou,
522 1120 576 1186 sed
611 1119 784 1206 Dionysius
819 1120 935 1185 librum
969 1119 1128 1206 scripsisse
1167 1119 1291 1186 dicitur.
1341 1121 1424 1186 adde

200 1229 284 1314 quod
307 1228 429 1316 saepe5)
452 1228 533 1294 liber
556 1228 622 1293 sine
646 1227 774 1292 nomine
797 1228 933 1293 auctoris
950 1227 1081 1292 citatur:
1109 1227 1173 1292 veri
1189 1252 1252 1292 non
1270 1227 1425 1293 dissimile

199 1335 357 1402 ridebitur
380 1359 495 1401 nomen
529 1335 703 1422 genuinum
727 1333 863 1401 auctoris
886 1334 950 1398 iarn
976 1334 1133 1400 veteribus
1157 1333 1253 1400 fuisse
1278 1335 1425 1421 ignotum

203 1449 302 1529 atque
326 1443 442 1509 librum
472 1469 507 1509 π.
532 1449 557 1512 ἑ.
582 1442 622 1508 ad
647 1441 748 1507 varios
771 1443 911 1507 rhetores
935 1442 1034 1507 claros
1058 1442 1197 1507 delatum
1222 1465 1317 1521 cesse,
1342 1442 1427 1507 inter

201 1573 278 1637 quos
313 1551 440 1615 taudem
464 1549 621 1615 Demetrii
655 1573 780 1628 nomen,
817 1549 901 1635 quod
932 1549 1095 1636 permultis
1119 1549 1320 1636 scriptoribus
1347 1559 1424 1629 erat,

199 1656 374 1744 plurimum
397 1657 526 1745 placuit.

306 1782 414 1869 itaque
437 1788 567 1870 apparet
590 1806 696 1847 eorum
720 1781 833 1860 studia,
859 1781 914 1867 qui
937 1781 1057 1847 auctori
1080 1780 1183 1847 libelli
1206 1810 1241 1850 π.
1259 1790 1284 1851 ἑ.
1310 1808 1426 1850 nomeu

200 1890 363 1959 Demetrio
387 1889 483 1956 fuisse
507 1890 669 1955 confidunt
697 1896 790 1975 atque
813 1889 1007 1976 perquirunt,
1043 1888 1167 1954 cuinam
1191 1890 1427 1957 Demetriorum

201 1997 329 2064 libellus
352 1997 408 2063 ille
431 1996 617 2063 tribuendus
641 1997 692 2076 sit,
716 1996 749 2060 in
773 1996 977 2062 fundamento
1002 1997 1171 2062 admodum
1202 1997 1300 2064 debili
1323 2000 1428 2087 posita

203 2128 280 2172 esse.
326 2104 458 2193 proinde
482 2104 618 2169 nominis
642 2103 824 2191 quaestione
848 2104 943 2170 missa
966 2128 1003 2169 ea
1026 2105 1248 2185 examinemus
1283 2131 1363 2195 quae
1388 2132 1428 2173 ex

201 2211 310 2278 libello
346 2211 413 2299 ipsc
450 2212 491 2277 ad
527 2218 661 2277 aetatem
699 2211 802 2277 libelli
825 2212 1072 2298 cognoscendam
1096 2212 1187 2278 Liers
1218 2220 1249 2279 et
1272 2215 1428 2281 Hammer

203 2320 411 2406 collegerunt.
437 2343 517 2405 quae
531 2318 685 2406 tripertito
701 2318 920 2384 tractabimus:
945 2319 1081 2406 primum
1099 2319 1183 2386 euim
1199 2344 1247 2385 res
1263 2323 1427 2408 generales

201 2437 431 2515 praeceptaque
464 2427 642 2501 eommunia
672 2425 964 2513 contemplabimur,
1004 2426 1118 2492 deiude
1148 2427 1288 2514 singulas
1311 2453 1361 2494 res
1385 2432 1427 2495 lo-

203 2556 317 2620 cosque
339 2535 496 2622 parvulos,
534 2540 603 2600 tum
635 2534 802 2600 verborum
825 2556 917 2599 usum
950 2540 982 2599 et
1005 2533 1130 2600 dicendi
1154 2537 1425 2603 consuetudinem.

309 2657 400 2724 Liers
429 2681 501 2723 cum
532 2657 647 2723 formas
675 2657 751 2725 istas
775 2665 910 2745 quatuor
933 2659 1058 2725 dicendi
1089 2659 1236 2748 (gravem,
1272 2661 1426 2739 floridam,

202 2772 340 2845 tenuem,
365 2765 587 2853 impetuosam)
622 2764 690 2830 fuse
723 2765 880 2832 describat
903 2790 1073 2854 earumque
1103 2775 1230 2834 naturas
1256 2770 1338 2834 clare
1361 2794 1427 2856 por-

203 2874 325 2950 lustret
343 2879 479 2939 aetatem
495 2871 569 2937 libri
593 2878 781 2939 constituere
805 2872 865 2939 sibi
880 2873 1018 2940 videtur:
1044 2881 1117 2941 ante
1134 2874 1319 2940 Ciceronem
1343 2876 1428 2940 euim

204 2980 413 3068 compositum
437 3004 509 3046 eum
526 3002 592 3045 esse
608 2979 771 3046 contendit
782 2980 815 3066 ⁶).
863 2987 895 3046 at
918 2981 1008 3067 quasi
1022 2981 1089 3069 ipse
1113 2983 1245 3062 monuit,
1269 3007 1310 3049 ne
1332 2984 1428 3050 huius

206 3181 522 3188 ...η-Η*

311 3299 331 3368 1)
349 3302 426 3370 epist.
447 3302 482 3354 ad
500 3302 649 3356 Romaeum
668 3300 816 3368 Theophyl.
836 3301 964 3369 (Meursii
988 3319 1046 3370 opp.
1074 3303 1204 3357 aLamio
1233 3306 1345 3358 collecta
1374 3308 1427 3359 vol.

202 3389 286 3459 VIH,
300 3406 344 3460 pg.
363 3395 423 3444 987.
456 3388 622 3461 Θεόηραοτος
641 3392 685 3442 καὶ
703 3388 861 3461 Δημήτριος,
881 3380 920 3442 ὧν
939 3390 1016 3462 ὁμὲν
1035 3391 1088 3444 rimi
1107 3399 1150 3444 του
1165 3393 1300 3464 θειότερον
1314 3392 1429 3465 ηραζειν

204 3480 306 3550 ἔλαχεν,
325 3477 339 3530 ὁ
359 3480 389 3531 δὲ
404 3477 542 3550 Φαληρεύς
561 3481 604 3531 καὶ
618 3481 676 3550 περὶ
690 3480 830 3550 ἑρμηνείας
843 3477 924 3549 λόγου
938 3479 1107 3552 συντάγμιον
1120 3484 1265 3533 σπουδαίου
1279 3482 1427 3553 ἐξήνεγκεν.

311 3584 468 3652 ²)Oramer.
488 3585 591 3640 Anecd.
613 3585 698 3640 Oxon.
718 3586 774 3655 III,
793 3603 837 3655 pg.
859 3591 918 3640 384.
956 3586 970 3639 ὅ
1002 3588 1142 3660 Φαληρεύς
1172 3591 1200 3641 δὲ
1218 3589 1304 3662 χάριν
1331 3590 1428 3663 dropa-

207 3677 245 3736 ζει
263 3674 293 3728 τό
313 3673 424 3732 desetor.

315 3781 335 3852 ⁸)
354 3783 514 3838 Ammonius
541 3783 570 3837 in
595 3783 711 3838 Aristot.
736 3785 794 3854 περὶ
820 3785 960 3855 ἑρμηνείας
979 3785 1090 3855 IV‚9c:
1118 3785 1298 3858 ὖΔημητριος
1319 3835 1323 3846 ,
1344 3836 1350 3846 ,
1371 3837 1376 3848 ,
1397 3789 1427 3842 τὸ

202 3873 260 3943 περὶ
279 3873 480 3943 λογογραιγικῆς
498 3874 570 3932 ἰδέας
588 3875 694 3941 βιβλίον
712 3870 875 3943 συγγράψας
895 3914 900 3924 .
922 3921 949 3932 ,,
969 3877 1013 3926 καὶ
1034 3865 1108 3935 οὗτος
1122 3874 1184 3928 αὐτὸ
1200 3877 1356 3949 ἐπιγράψας
1369 3884 1428 3951 περὶ

202 3962 354 4034 ἑρμηνείας,

311 4066 332 4136 ⁴)
350 4069 437 4124 Gloss.
457 4085 541 4138 marg.
562 4071 618 4124 cod.
638 4070 718 4127 Fam.
738 4070 755 4123 1
773 4070 798 4124 Ε
819 4075 861 4140 48,
881 4071 928 4125 ubi
947 4072 981 4124 ad
1009 4079 1135 4140 excerpta
1154 4089 1187 4126 ex
1216 4075 1307 4128 libello
1326 4084 1427 4147 nostro,

206 4157 252 4226 qui
277 4157 474 4213 inscribuntur:
495 4159 524 4211 ἐκ
543 4166 598 4211 τῶν
616 4165 766 4231 Δημητρίου
795 4166 840 4211 τοῦ
862 4161 1021 4232 ψαλληρίως
1038 4163 1112 4232 (sic),
1134 4163 1261 4218 additur:
1289 4172 1428 4219 Διονυσίου

206 4251 252 4299 καῖ
270 4253 355 4305 τοῦτο.

314 4351 334 4420 ⁶)
352 4370 368 4407 a
388 4354 519 4424 Gregorio
549 4356 689 4410 Corinthio
718 4355 883 4426 saepissime,
909 4357 1015 4425 saepius
1044 4375 1060 4412 a
1088 4360 1239 4414 scholiastis
1268 4361 1427 4428 quibusdam

206 4442 398 4513 Hermogenis,
417 4444 450 4497 cf.
471 4444 558 4498 Liors.
580 4446 642 4500 diss.
662 4463 707 4514 pg.
728 4451 804 4499 3-4.

314 4548 336 4619 ⁶)
354 4549 440 4605 Liers.
461 4551 523 4605 diss.
544 4569 590 4622 pg.
611 4553 705 4608 7-15.
742 4553 821 4607 Jhrb.
843 4554 861 4607 f.
882 4554 953 4608 Phil.
972 4571 1017 4624 pg.
1038 4560 1186 4610 ccc-704.
