3278 5332
696 352 916 428 ..30-

199 581 269 622 eum
293 557 399 644 ampla
421 562 452 623 et
475 556 701 623 sententiarum
723 556 876 643 gravitate
900 562 931 622 et
947 556 1111 621 maiestate
1127 556 1303 634 verborum,
1329 555 1418 620 vehe-

198 671 329 743 mentes,
366 663 454 742 varii,
489 663 616 752 copiosi,
652 688 762 751 graves
797 666 837 729 ad
872 665 1097 751 permovendos
1129 669 1161 728 et
1192 663 1420 728 convertendos

199 770 320 838 animos
349 771 492 836 instruct'
528 778 559 837 et
589 771 703 858 parati;
736 772 819 857 quod
849 772 953 859 ipsum
977 771 1031 836 alii
1055 793 1164 858 aspera
1186 770 1269 835 tristi
1292 769 1422 835 horrida

199 878 340 945 oratione
363 899 466 964 neque
499 878 638 965 perfecta
665 900 768 964 neque
798 879 946 945 conclusa
979 877 1138 942 consecuti
1172 883 1254 954 sunt,
1279 876 1337 942 alii
1358 876 1424 942 levi

199 991 231 1052 et
253 992 371 1051 structa
394 992 425 1051 et
448 986 643 1051 terminata«
677 1025 708 1032 --
737 987 843 1072 itaque
866 986 944 1051 duos
967 986 1076 1049 modos
1099 985 1286 1050 enuntiandi
1310 983 1425 1050 statuit

200 1092 310 1158 Cicero
335 1093 418 1157 intra
439 1091 572 1157 formam
584 1116 728 1180 gravem
753 1101 785 1158 at
809 1117 870 1157 non
883 1117 973 1180 pares
996 1101 1071 1158 sunt
1087 1091 1273 1157 elocutionis
1285 1096 1424 1178 μεγαλο-

199 1205 343 1291 πρεποῦς
366 1200 454 1275 alter,
479 1200 559 1265 alter
582 1199 767 1267 elocutionis
792 1204 909 1288 δεινῆς.
935 1224 1008 1264 nam
1021 1199 1091 1285 quis
1106 1197 1164 1266 cdv
1191 1201 1302 1267 δεινὸν
1319 1227 1424 1290 χαρα-

199 1310 301 1399 κτῆρα
326 1306 427 1373 libelli
450 1329 516 1372 esse
544 1332 625 1372 ›non
648 1306 821 1394 perfectum
854 1331 956 1393 neque
980 1308 1179 1371 conclusum«
1208 1306 1319 1371 dicat‘l
1367 1306 1427 1370 sed

199 1414 284 1502 prior
306 1415 418 1479 modus
442 1414 568 1479 dicendi
591 1414 694 1480 minus
718 1414 904 1480 artificiosus
939 1421 995 1480 aut
1018 1415 1171 1492 excultus,
1205 1414 1285 1478 alter
1307 1412 1427 1478 melius

201 1523 379 1588 elaboratus
413 1528 445 1587 et
477 1522 669 1601 absolutior;
707 1522 795 1587 velut
830 1521 1039 1588 iudicabimus
1068 1520 1288 1606 Thucydidem
1319 1519 1428 1607 priore

200 1631 303 1708 modo,
329 1629 514 1694 Ciceronem
537 1629 641 1717 ipsum
657 1630 756 1694 altero
780 1629 836 1694 uti.
862 1668 904 1676 -
928 1629 1009 1694 addo
1034 1629 1183 1716 quosdam
1196 1628 1290 1707 10000,
1316 1651 1334 1693 e
1359 1626 1428 1714 qui-

201 1738 259 1802 bus
282 1742 430 1825 appareat
452 1734 605 1824 impetum
621 1737 676 1826 οῆς
701 1736 883 1824 δεινότητος
907 1737 980 1801 huie
1003 1736 1122 1801 formae
1139 1734 1290 1800 Cicerone
1317 1734 1429 1800 iudice

201 1868 264 1909 nou
288 1842 445 1912 defuisse:
483 1850 503 1927 ξ
528 1844 578 1909 87.
617 1866 727 1908 »cursu
757 1868 870 1930 magno
901 1843 1068 1928 sonituque
1091 1843 1208 1922 fertur;
1232 1842 1327 1906 huius
1353 1843 1430 1925 (elo-

202 1950 359 2041 quentiae)
394 1957 441 2017 est
470 1957 682 2016 tractare
715 1951 901 2030 animos,
932 1952 1027 2015 huius
1061 1950 1147 2015 omni
1176 1949 1301 2015 modo
1334 1973 1429 2036 per-

201 2082 405 2124 movere«
434 2064 487 2124 ott.
536 2065 555 2141 ξ
582 2061 653 2125 103.
684 2083 740 2124 »no
758 2082 829 2124 vero
844 2059 897 2123 hic
920 2065 987 2125 erat
1002 2082 1083 2124 unus
1107 2058 1227 2123 ardor
1249 2056 1282 2120 in
1298 2056 1426 2122 nobis«

202 2166 225 2254 ξ
251 2168 323 2232 109.
353 2165 437 2253 »ipse
460 2187 615 2251 nusquam
640 2168 678 2232 ab
702 2166 759 2231 illa
782 2166 1007 2232 acerrima
1030 2162 1341 2231 contentione
1367 2164 1430 2228 dis-

203 2273 346 2339 cederem
360 2277 393 2338 l«

310 2423 348 2464 ex
372 2399 448 2465 loeis
470 2400 528 2464 hos
552 2405 723 2474 enumerat,
749 2397 804 2484 qui
827 2399 874 2487 τῷ
896 2404 1140 2487 μεγαλοπρεπεῖ
1160 2395 1220 2462 soli
1236 2397 1275 2461 ab
1297 2403 1431 2461 auctore

204 2505 455 2583 concessissent,
473 2515 521 2596 τῷ
544 2510 641 2598 δεινῷ
664 2531 727 2570 non
744 2506 902 2570 concessi:
928 2502 970 2573 τοὶ
988 2510 1153 2574 ἀντίθετα
1178 2517 1233 2573 καὶ
1251 2506 1430 2594 παρόμοια

204 2611 288 2701 (eum
310 2619 384 2679 suut
406 2613 568 2680 contrariis
591 2613 690 2678 relata
713 2613 868 2678 contraria
890 2619 945 2678 aut
977 2613 1061 2679 idem
1085 2614 1216 2678 verbum
1247 2612 1287 2675 ad
1320 2616 1430 2675 extre-

204 2746 290 2786 mum
313 2720 446 2786 refertur
469 2728 523 2786 aut
548 2745 620 2786 eum
652 2720 796 2785 similiter
821 2721 871 2785 vel
905 2720 1022 2785 eadunt
1045 2721 1086 2784 vd
1121 2716 1320 2805 desinunt).²)
1369 2719 1432 2782 hos

204 2829 308 2903 habet,
335 2827 389 2914 qui
412 2835 521 2894 auctor
547 2828 649 2894 libelli
672 2856 707 2895 π.
732 2834 757 2895 ἑ.
782 2834 827 2919 τῷ
852 2833 949 2918 δεινῷ
972 2832 1097 2892 tantum
1120 2825 1253 2891 addicit:
1278 2833 1340 2913 τῆν
1365 2829 1432 2892 κλί-

204 2934 336 3023 benef)
359 2938 418 3023 τήν
441 2937 687 3028 asparagum)
710 2938 747 3003 τό
773 2934 938 3026 ἕρο)οοῖν,5)
962 2937 1021 3022 τήν
1051 2934 1236 3021 παιδιάνθ)
1260 2936 1320 3021 τήν
1354 2961 1432 3024 προ·

207 3043 447 3126 ςοοποποιΐανλ)
476 3043 585 3130 paucis
608 3043 760 3131 attingam
784 3066 880 3107 unam
903 3065 979 3121 rem,
1005 3067 1101 3129 quam
1124 3042 1226 3106 adhue
1251 3039 1363 3105 omisi:
1391 3042 1429 3108 τὰ

206 3152 321 3226 πάθος
345 3149 430 3215 enim
452 3175 556 3216 nonne
579 3151 693 3216 mirum
718 3150 843 3217 videtur
866 3152 905 3216 ab
929 3156 1057 3215 auctore
1086 3148 1187 3215 libelli
1211 3176 1246 3216 π.
1272 3153 1296 3216 ἑ.
1323 3171 1431 3235 paene

207 3256 332 3322 omnino
357 3258 511 3345 neglegi?
556 3282 631 3323 nam
653 3259 750 3324 semel
773 3258 806 3322 in
830 3258 919 3345 gravi
935 3257 1034 3322 forma
1057 3259 1134 3322 haec
1150 3279 1211 3321 vox
1226 3254 1435 3343 invenitur.⁸)

207 3369 240 3430 at
262 3364 495 3430 consideremus
518 3367 554 3433 τὸ
580 3364 693 3446 πάθος
716 3367 749 3430 in
772 3365 873 3430 torma
895 3366 962 3430 ulla
985 3365 1024 3429 ad
1047 3364 1143 3431 libros
1166 3362 1343 3451 pertinente
1369 3365 1434 3442 (ve-

207 3472 256 3537 lut
277 3471 311 3535 in
334 3470 433 3560 gravi)
458 3471 512 3536 vix
541 3472 647 3537 locum
681 3474 806 3548 habere,
831 3496 931 3559 genus
954 3495 1027 3536 vero
1063 3471 1155 3535 unice
1190 3469 1363 3536 oratorium
1390 3510 1435 3519 -

317 3809 1436 3881 &mmmssmmfflmmfflmmmmmwffissmer

209 3903 227 3969 ἓ
247 3905 296 3954 109
317 3917 373 3968 sqq.
392 3900 493 3970 tangit.

318 4007 709 4078 &Qmmffi§m

317 4097 338 4166 ⁸)
356 4098 412 4153 Cic.
431 4113 469 4153 or.
491 4114 531 4166 cp.
551 4104 593 4154 39.
612 4099 630 4167 ξ
651 4104 709 4154 135.

317 4185 338 4255 ⁴)
356 4187 412 4242 Cic.
431 4204 468 4241 or.
489 4203 528 4256 cp.
548 4192 583 4243 40
602 4187 620 4256 ξ
640 4191 698 4242 138.

317 4275 338 4344 ⁶)
356 4276 413 4347 Cic,
431 4292 468 4331 cr.
489 4293 528 4345 cp.
547 4281 582 4334 40
600 4277 617 4346 ξ
639 4279 697 4331 137.

319 4366 339 4434 ἢ
358 4366 413 4420 Oia
433 4383 470 4421 on
490 4372 584 4435 cp.40
602 4367 620 4434 ἓ
640 4371 699 4421 138.

320 4453 340 4522 ⁷)
361 4455 416 4510 Cic.
436 4473 472 4510 or.
492 4472 532 4524 cp.
552 4462 585 4511 25
605 4456 622 4523 ἓ
640 4460 683 4509 85.

320 4543 375 4614 ⁸)§
394 4547 426 4598 57
446 4543 613 4617 λαμβάνεται
632 4545 661 4596 δὲ
679 4546 724 4596 καὶ
741 4550 900 4609 παθητικοῖς
918 4541 1044 4604 πολλάκις
1061 4541 1076 4594 ὁ
1095 4541 1250 4616 σύνδεσμος.
