3278 5332
700 340 922 409 ..10-

197 540 235 606 τὸ
259 541 416 625 ἐντέχνως
438 546 574 606 τιθέναι
598 540 638 603 τοὶ
664 537 827 626 σχήματα,
855 562 925 604 cum
949 538 1082 604 subinde
1107 539 1253 625 aequales
1275 563 1425 604 monean-

197 652 257 722 tur,
282 669 321 710 ne
346 646 484 711 erebrius
507 645 616 732 figuris
640 654 776 712 utantur.
825 645 950 711 ridetur
973 653 1082 711 auctor
1105 645 1209 711 libelli
1233 673 1265 713 π.
1292 654 1317 715 ἑ.
1336 671 1424 735 speo-

196 762 262 816 tarc
285 753 345 817 hoc
368 754 437 818 loeo
471 777 534 818 non
564 754 656 818 medo
680 755 720 818 ad
743 754 929 832 Homerum,
954 754 1163 829 Herodotum,
1189 753 1422 839 Thucydidem,

197 859 251 944 qui
274 860 366 924 mede
391 859 576 937 citabantur,
601 862 656 926 sed
679 860 774 926 etiam
798 862 837 926 ad
855 869 974 926 ceteros
990 860 1154 948 scriptores
1171 861 1324 939 classicos,
1343 887 1424 948 quos

197 990 354 1047 vocamus,
391 966 505 1054 quibus
539 967 588 1033 sui
623 970 769 1054 aequales
803 968 867 1034 sint
898 967 1069 1034 inferiores.
1117 968 1224 1054 itaque
1248 972 1286 1034 ab
1317 978 1423 1035 aetate

195 1072 330 1139 auctoris
368 1074 569 1161 aliquantum
604 1075 751 1141 videntur
785 1077 892 1142 abesse
915 1076 964 1140 illi
998 1075 1173 1162 scriptores,
1212 1076 1265 1161 qui
1301 1076 1424 1164 optima

198 1180 373 1266 eademque
410 1181 570 1247 moderata
605 1182 762 1248 scribendi
785 1183 905 1248 ratione
929 1184 1106 1248 utebantur.
1135 1182 1312 1248 —deinde
1336 1186 1423 1270 quod

196 1294 330 1354 oratores
356 1290 593 1355 demonstrativi
630 1291 753 1377 generis
780 1315 843 1356 nen
880 1290 1016 1357 citantur
1038 1297 1160 1378 praeter
1194 1291 1421 1377 Polycratem),

195 1394 348 1482 originem
383 1396 486 1463 libelli
520 1425 554 1476 a,
581 1405 605 1467 ἑ.
643 1422 742 1464 seram
773 1422 839 1464 esse
864 1399 955 1464 Liers
986 1399 1120 1487 negat.¹)
1168 1406 1201 1464 at
1224 1397 1375 1464 videntur
1397 1399 1423 1464 ii

193 1503 368 1591 scriptores,
393 1504 504 1591 quiin
532 1505 686 1595 »vitiem
710 1506 935 1594 vituperantur,
962 1507 1196 1584 declamatores,
1231 1505 1286 1592 qni
1310 1506 1421 1572 dieun-

193 1617 254 1689 tur,
280 1612 384 1695 asael)
430 1613 491 1677 hoc
515 1619 733 1698 argumentum
758 1613 911 1702 Blassii4)
936 1613 1027 1680 Liers
1059 1613 1147 1678 brevi
1180 1637 1275 1678 manu
1316 1614 1420 1680 reicit.

192 1718 248 1784 sed
271 1719 298 1785 si
321 1744 383 1785 non
408 1745 448 1786 ex
465 1720 736 1799 declamatoribus,
762 1723 845 1787 unde
862 1722 941 1787 tales
957 1745 1060 1808 nugae
1086 1720 1238 1809 repetitae
1261 1727 1359 1786 sunt‘?
1373 1761 1418 1769 -

194 1831 265 1892 tum
301 1829 390 1914 §38
427 1829 504 1893 haee
527 1828 680 1914 legimus:
705 1826 851 1920 ἄρξομαι
885 1833 920 1898 δὲ
952 1829 1021 1897 olari
1058 1840 1116 1899 τοῦ
1138 1833 1419 1920 μεγαλοπρεποῦς,

195 1928 296 2026 ὅνπερ
325 1944 388 2004 νῦν
412 1938 521 2019 λόγιον
555 1939 781 2023 ὀνομάζουσιν.
830 1937 1017 2022 quibuscum
1053 1936 1155 2003 verbis
1179 1960 1197 2000 a
1218 1936 1294 2000 viris
1318 1937 1421 2002 doctis

198 2041 370 2128 Phrynichi
397 2044 485 2107 locus
510 2043 642 2108 collatus
678 2049 733 2123 est,
768 2068 806 2108 cx
831 2067 892 2130 quo
915 2043 1115 2131 perspicuum
1141 2048 1196 2119 est,
1234 2043 1421 2129 quibusnam

194 2149 387 2236 temporibus
400 2149 549 2233 ,,λόγιος“
565 2154 581 2216 ὁ
594 2154 847 2242 μεγαλοπρεπής
859 2150 1026 2242 χαρακτήρ
1041 2151 1217 2238 appellatus
1225 2150 1283 2216 sit:
1301 2150 1419 2235 λόγιος,

196 2259 239 2336 οἷς
264 2264 293 2323 ol
318 2260 433 2325 πολλοὶ
456 2260 603 2341 λέγουσιν
627 2259 683 2326 ἐπὶ
706 2260 762 2327 τοῦ
785 2261 893 2328 δεινοῦ
916 2271 972 2326 καὶ
995 2259 1127 2346 ὑψηλοῦ,
1152 2263 1188 2327 οὗ
1212 2267 1367 2328 τιθέασιν
1391 2267 1420 2326 ol

197 2364 342 2454 υἷρχοιῖοι,
368 2368 439 2432 a'tl’
465 2367 522 2432 ἐπὶ
545 2367 604 2432 τοῦ
628 2368 668 2432 τά
694 2369 730 2434 ἕν
754 2364 880 2457 ἑκάστῳ
904 2366 1000 2433 ἔθνει
1022 2368 1182 2452 ἐπιχώρια
1200 2368 1416 2454 ἐξηγουμένου

193 2473 354 2562 ἐμπείρως
377 2469 462 2553 (leel.
487 2472 566 2538 Lob.
591 2497 642 2561 pg.
671 2474 754 2556 198).
802 2472 887 2537 notio
910 2472 1008 2559 igitur
1041 2472 1097 2537 illa
1131 2473 1215 2560 apud
1249 2471 1416 2560 scriptores

193 2577 312 2666 priores
335 2603 397 2643 non
420 2579 599 2664 invenitur3
625 2579 702 2668 quin
725 2579 817 2645 etiam
843 2604 910 2645 eam
936 2582 974 2646 ab
997 2579 1036 2645 iis
1059 2578 1185 2644 omnino
1209 2603 1272 2645 non
1295 2580 1415 2646 adhibi-

194 2691 259 2751 tam
292 2709 358 2752 esse
381 2686 581 2773 Phrynichus
616 2689 698 2754 clare
733 2687 927 2753 testificatur.
975 2711 1011 2752 ac
1046 2687 1194 2773 queniam
1229 2688 1312 2775 apud
1348 2688 1416 2753 eius

194 2794 340 2879 aequales
372 2791 405 2858 in
441 2795 598 2860 communi
628 2819 685 2860 usu
722 2801 796 2869 erat,
822 2794 874 2858 vix
911 2794 1091 2868 errabimus,
1117 2794 1144 2859 si
1178 2797 1217 2860 ab
1240 2795 1417 2880 Phrynichi

193 2906 295 2966 aetate
318 2900 420 2967 libelli
443 2909 602 2968 auctorem
625 2927 687 2968 non
711 2902 805 2968 nimis
828 2904 938 2989 procul
972 2901 1087 2968 afuisse
1117 2901 1335 2976 iudicabimus,
1361 2903 1417 2989 qui

193 3008 232 3072 ab
271 3009 335 3074 suis
373 3009 600 3096 aequalibus
634 3010 793 3076 notionem
831 3009 993 3076 inductam
1029 3033 1095 3074 esse
1133 3010 1297 3097 profitetur
1332 3019 1408 3084 (νῦν

193 3118 433 3202 ὀνομάζουσιν).
481 3119 574 3196 plane
598 3117 788 3196 veronescio,
813 3117 868 3204 qui
895 3117 1083 3183 contendere
1109 3116 1200 3181 Liers
1224 3116 1375 3202 potuerit:
1390 3117 1416 3202 ⁵)

198 3221 296 3289 »nihil
311 3230 414 3310 potest
430 3247 469 3288 ex
481 3225 655 3311 Phryniehi
671 3226 740 3290 loco
753 3223 861 3311 colligi
877 3224 916 3290 de
928 3230 1030 3290 aetate
1054 3223 1127 3289 libri
1150 3225 1188 3288 de
1205 3223 1412 3290 elocutione«

298 3350 358 3413 hae
382 3348 510 3415 fuerunt
534 3349 676 3436 singulae
708 3374 766 3428 res,
793 3350 906 3435 quibus
929 3349 1020 3415 Liers
1056 3373 1130 3414 suae
1166 3348 1340 3414 sententiae
1364 3373 1415 3436 pa-

192 3455 363 3523 trocinatus
398 3464 453 3524 est.
509 3480 609 3546 pauca
643 3463 725 3533 sunt,
763 3481 843 3543 quae
878 3482 917 3522 cx
952 3457 1125 3522 Hammero
1160 3455 1211 3521 hic
1246 3457 1417 3544 repetenda

192 3588 357 3631 censeam:

194 3785 510 3792 ....—.-—-————-·

302 3923 322 3993 ι>
342 3924 428 3979 mers.
450 3922 512 3978 uss.
533 3892 578 3992 ος.
598 3928 639 3977 ιο.
678 3923 757 3978 Jnrs.
777 3923 796 3976 f.
816 3921 888 3976 Piri.
910 3923 969 3975 m.

299 4031 321 4100 ²)
339 4032 374 4100 ἐξ
395 4034 453 4100 115,
475 4035 534 4099 116,
555 4035 614 4099 121,
635 4035 694 4098 188,
714 4034 774 4098 236,
796 4030 856 4098 237,
876 4034 937 4096 239,
957 4032 1016 4081 303.

298 4139 318 4205 3)
339 4139 458 4206 exceptis
477 4138 511 4192 iis
531 4138 715 4207 scriptoribus,
735 4153 847 4204 quorum
865 4137 974 4190 nomina
993 4137 1130 4200 citantur,
1152 4137 1169 4204 ξ
1188 4141 1238 4189 302
1253 4137 1417 4203 ‚Hyperides

191 4230 250 4284 sine
268 4229 375 4284 nomine
395 4228 503 4282 citatur.
542 4227 573 4298 is,
594 4227 641 4294 qui
660 4228 677 4296 ξ
698 4231 748 4281 115
775 4227 833 4280 sine
852 4225 959 4279 nomine
978 4226 1087 4296 citatur,
1108 4227 1222 4280 fortasse
1252 4227 1418 4281 declamator

191 4319 276 4375 Dorio
296 4324 345 4387 est,
365 4333 443 4385 quern
465 4317 567 4371 Seneca
586 4333 655 4370 suas.
676 4317 691 4370 I
710 4333 735 4384 p.
758 4321 789 4369 12
809 4317 851 4381 (ed
870 4315 1022 4384 Kiessling)
1041 4322 1235 4370 commemorat.

298 4424 320 4494 ⁴)
339 4426 433 4480 Blass:
452 4426 508 4479 Lit.
530 4425 720 4481 Centralblatt.
743 4428 808 4478 1881
829 4441 874 4493 pg.
894 4428 953 4477 903.

298 4531 318 4603 ⁶)
336 4532 422 4588 Liers.
443 4533 506 4588 diss.
525 4550 570 4604 pg.
590 4535 633 4589 27.
