<?xml version="1.0" encoding="UTF-8"?>
<!DOCTYPE html PUBLIC "-//W3C//DTD XHTML 1.0 Transitional//EN"
    "http://www.w3.org/TR/xhtml1/DTD/xhtml1-transitional.dtd">
<html xmlns="http://www.w3.org/1999/xhtml" xml:lang="en" lang="en">
 <head>
  <title>
</title>
<meta http-equiv="Content-Type" content="text/html;charset=utf-8" />
  <meta name='ocr-system' content='tesseract 3.04.00' />
  <meta name='ocr-capabilities' content='ocr_page ocr_carea ocr_par ocr_line ocrx_word'/>
</head>
<body>
  <div class='ocr_page' id='page_1' title='image "./libellusperiher00schgoog_0010.png"; bbox 0 0 3278 5332; ppageno 0'>
   <div class='ocr_carea' id='block_1_1' title="bbox 200 1113 1429 3791">
    <p class='ocr_par' dir='ltr' id='par_1_1' title="bbox 200 1113 1429 3791">
     <span class='ocr_line' id='line_1_1' title="bbox 307 1113 1421 1220; baseline -0.002 -26"><span class='ocrx_word' id='word_1_1' title='bbox 307 1128 452 1195; x_wconf 83' lang='lat' dir='ltr'>Libellus</span> <span class='ocrx_word' id='word_1_2' title='bbox 485 1142 558 1218; x_wconf 79' lang='grc' dir='ltr'><strong><em>περὶ</em></strong></span> <span class='ocrx_word' id='word_1_3' title='bbox 590 1128 773 1220; x_wconf 74' lang='grc' dir='ltr'><em>ἑρμηνείας,</em></span> <span class='ocrx_word' id='word_1_4' title='bbox 805 1128 860 1214; x_wconf 93' lang='lat' dir='ltr'>qui</span> <span class='ocrx_word' id='word_1_5' title='bbox 883 1122 1040 1194; x_wconf 80' lang='lat' dir='ltr'>Demetrii</span> <span class='ocrx_word' id='word_1_6' title='bbox 1072 1127 1200 1194; x_wconf 91' lang='lat' dir='ltr'>nomine</span> <span class='ocrx_word' id='word_1_7' title='bbox 1231 1113 1421 1207; x_wconf 70' lang='lat' dir='ltr'>inscribitur,</span> 
     </span>
     <span class='ocr_line' id='line_1_2' title="bbox 201 1233 1422 1322; baseline 0 -23"><span class='ocrx_word' id='word_1_8' title='bbox 201 1259 263 1321; x_wconf 90' lang='lat' dir='ltr'>qua</span> <span class='ocrx_word' id='word_1_9' title='bbox 307 1242 409 1301; x_wconf 89' lang='lat' dir='ltr'>aetate</span> <span class='ocrx_word' id='word_1_10' title='bbox 443 1233 633 1322; x_wconf 89' lang='lat' dir='ltr'>compositus</span> <span class='ocrx_word' id='word_1_11' title='bbox 666 1241 757 1314; x_wconf 89' lang='lat' dir='ltr'>esset,</span> <span class='ocrx_word' id='word_1_12' title='bbox 792 1234 852 1299; x_wconf 90' lang='lat' dir='ltr'>viri</span> <span class='ocrx_word' id='word_1_13' title='bbox 885 1235 967 1300; x_wconf 90' lang='lat' dir='ltr'>docti</span> <span class='ocrx_word' id='word_1_14' title='bbox 990 1234 1175 1300; x_wconf 88' lang='lat' dir='ltr'>iamdudum</span> <span class='ocrx_word' id='word_1_15' title='bbox 1199 1236 1281 1300; x_wconf 87' lang='lat' dir='ltr'>iuter</span> <span class='ocrx_word' id='word_1_16' title='bbox 1304 1259 1336 1301; x_wconf 88' lang='lat' dir='ltr'>se</span> <span class='ocrx_word' id='word_1_17' title='bbox 1361 1259 1422 1301; x_wconf 90' lang='lat' dir='ltr'>cer-</span> 
     </span>
     <span class='ocr_line' id='line_1_3' title="bbox 200 1341 1424 1429; baseline -0.001 -21"><span class='ocrx_word' id='word_1_18' title='bbox 200 1349 347 1408; x_wconf 84' lang='lat' dir='ltr'>taverunt</span> <span class='ocrx_word' id='word_1_19' title='bbox 370 1365 471 1429; x_wconf 89' lang='lat' dir='ltr'>neque</span> <span class='ocrx_word' id='word_1_20' title='bbox 504 1366 540 1406; x_wconf 92' lang='lat' dir='ltr'>eo</span> <span class='ocrx_word' id='word_1_21' title='bbox 572 1348 758 1429; x_wconf 89' lang='lat' dir='ltr'>perventum</span> <span class='ocrx_word' id='word_1_22' title='bbox 791 1349 847 1420; x_wconf 88' lang='lat' dir='ltr'>est,</span> <span class='ocrx_word' id='word_1_23' title='bbox 879 1349 915 1407; x_wconf 94' lang='lat' dir='ltr'>ut</span> <span class='ocrx_word' id='word_1_24' title='bbox 950 1342 1060 1409; x_wconf 89' lang='lat' dir='ltr'>eadem</span> <span class='ocrx_word' id='word_1_25' title='bbox 1092 1341 1247 1408; x_wconf 89' lang='lat' dir='ltr'>sententia</span> <span class='ocrx_word' id='word_1_26' title='bbox 1279 1341 1424 1408; x_wconf 89' lang='lat' dir='ltr'>omnibus</span> 
     </span>
     <span class='ocr_line' id='line_1_4' title="bbox 201 1448 1422 1536; baseline 0.002 -23"><span class='ocrx_word' id='word_1_27' title='bbox 201 1452 392 1536; x_wconf 88' lang='lat' dir='ltr'>probaretur.</span> <span class='ocrx_word' id='word_1_28' title='bbox 440 1448 569 1515; x_wconf 87' lang='lat' dir='ltr'>nomina</span> <span class='ocrx_word' id='word_1_29' title='bbox 585 1473 702 1528; x_wconf 92' lang='lat' dir='ltr'>eorum,</span> <span class='ocrx_word' id='word_1_30' title='bbox 729 1449 782 1536; x_wconf 91' lang='lat' dir='ltr'>qui</span> <span class='ocrx_word' id='word_1_31' title='bbox 799 1450 837 1514; x_wconf 91' lang='lat' dir='ltr'>de</span> <span class='ocrx_word' id='word_1_32' title='bbox 854 1449 963 1515; x_wconf 92' lang='lat' dir='ltr'>libello</span> <span class='ocrx_word' id='word_1_33' title='bbox 989 1449 1048 1515; x_wconf 88' lang='lat' dir='ltr'>isto</span> <span class='ocrx_word' id='word_1_34' title='bbox 1072 1452 1241 1515; x_wconf 92' lang='lat' dir='ltr'>sententias</span> <span class='ocrx_word' id='word_1_35' title='bbox 1259 1450 1422 1528; x_wconf 85' lang='lat' dir='ltr'>dederuut,</span> 
     </span>
     <span class='ocr_line' id='line_1_5' title="bbox 201 1556 1424 1645; baseline -0.001 -24"><span class='ocrx_word' id='word_1_36' title='bbox 201 1557 357 1622; x_wconf 88' lang='lat' dir='ltr'>aLiersio</span> <span class='ocrx_word' id='word_1_37' title='bbox 383 1564 414 1623; x_wconf 89' lang='lat' dir='ltr'>et</span> <span class='ocrx_word' id='word_1_38' title='bbox 435 1557 608 1621; x_wconf 89' lang='lat' dir='ltr'>Hammero</span> <span class='ocrx_word' id='word_1_39' title='bbox 633 1556 769 1622; x_wconf 86' lang='lat' dir='ltr'>exordiis</span> <span class='ocrx_word' id='word_1_40' title='bbox 793 1556 1084 1639; x_wconf 84' lang='lat' dir='ltr'>dissertationum¹),</span> <span class='ocrx_word' id='word_1_41' title='bbox 1109 1580 1185 1644; x_wconf 89' lang='lat' dir='ltr'>quas</span> <span class='ocrx_word' id='word_1_42' title='bbox 1209 1580 1309 1645; x_wconf 86' lang='lat' dir='ltr'>nuper</span> <span class='ocrx_word' id='word_1_43' title='bbox 1332 1556 1424 1644; x_wconf 86' lang='lat' dir='ltr'>scrip-</span> 
     </span>
     <span class='ocr_line' id='line_1_6' title="bbox 201 1663 1424 1751; baseline 0 -23"><span class='ocrx_word' id='word_1_44' title='bbox 201 1669 318 1743; x_wconf 78' lang='lat' dir='ltr'>serunt,</span> <span class='ocrx_word' id='word_1_45' title='bbox 352 1670 496 1729; x_wconf 90' lang='lat' dir='ltr'>accurate</span> <span class='ocrx_word' id='word_1_46' title='bbox 527 1664 660 1729; x_wconf 89' lang='lat' dir='ltr'>collecta</span> <span class='ocrx_word' id='word_1_47' title='bbox 692 1671 774 1729; x_wconf 90' lang='lat' dir='ltr'>sunt.</span> <span class='ocrx_word' id='word_1_48' title='bbox 823 1664 906 1730; x_wconf 90' lang='lat' dir='ltr'>unde</span> <span class='ocrx_word' id='word_1_49' title='bbox 940 1665 1044 1730; x_wconf 89' lang='lat' dir='ltr'>elucet</span> <span class='ocrx_word' id='word_1_50' title='bbox 1074 1663 1237 1751; x_wconf 86' lang='lat' dir='ltr'>opiniones</span> <span class='ocrx_word' id='word_1_51' title='bbox 1261 1664 1424 1729; x_wconf 87' lang='lat' dir='ltr'>doctorum</span> 
     </span>
     <span class='ocr_line' id='line_1_7' title="bbox 201 1769 1423 1858; baseline 0.001 -23"><span class='ocrx_word' id='word_1_52' title='bbox 201 1771 294 1856; x_wconf 83' lang='lat' dir='ltr'>longe</span> <span class='ocrx_word' id='word_1_53' title='bbox 328 1771 411 1837; x_wconf 88' lang='lat' dir='ltr'>inter</span> <span class='ocrx_word' id='word_1_54' title='bbox 446 1795 478 1836; x_wconf 87' lang='lat' dir='ltr'>se</span> <span class='ocrx_word' id='word_1_55' title='bbox 513 1769 644 1836; x_wconf 89' lang='lat' dir='ltr'>distare:</span> <span class='ocrx_word' id='word_1_56' title='bbox 689 1779 777 1837; x_wconf 90' lang='lat' dir='ltr'>erant</span> <span class='ocrx_word' id='word_1_57' title='bbox 823 1772 926 1851; x_wconf 87' lang='lat' dir='ltr'>enim,</span> <span class='ocrx_word' id='word_1_58' title='bbox 977 1772 1032 1858; x_wconf 91' lang='lat' dir='ltr'>qui</span> <span class='ocrx_word' id='word_1_59' title='bbox 1074 1772 1219 1838; x_wconf 92' lang='lat' dir='ltr'>libellum</span> <span class='ocrx_word' id='word_1_60' title='bbox 1261 1771 1423 1837; x_wconf 86' lang='lat' dir='ltr'>Demetrio</span> 
     </span>
     <span class='ocr_line' id='line_1_8' title="bbox 201 1877 1425 1967; baseline 0.002 -25"><span class='ocrx_word' id='word_1_61' title='bbox 201 1879 355 1944; x_wconf 87' lang='lat' dir='ltr'>Phalereo</span> <span class='ocrx_word' id='word_1_62' title='bbox 380 1878 577 1958; x_wconf 73' lang='lat' dir='ltr'>addicerent,</span> <span class='ocrx_word' id='word_1_63' title='bbox 603 1877 658 1943; x_wconf 88' lang='lat' dir='ltr'>alii</span> <span class='ocrx_word' id='word_1_64' title='bbox 681 1887 789 1945; x_wconf 89' lang='lat' dir='ltr'>contra</span> <span class='ocrx_word' id='word_1_65' title='bbox 812 1881 869 1945; x_wconf 90' lang='lat' dir='ltr'>sub</span> <span class='ocrx_word' id='word_1_66' title='bbox 895 1878 1066 1944; x_wconf 81' lang='lat' dir='ltr'>Antoninis</span> <span class='ocrx_word' id='word_1_67' title='bbox 1090 1879 1240 1967; x_wconf 90' lang='lat' dir='ltr'>scriptum</span> <span class='ocrx_word' id='word_1_68' title='bbox 1265 1901 1425 1944; x_wconf 81' lang='lat' dir='ltr'>comesse</span> 
     </span>
     <span class='ocr_line' id='line_1_9' title="bbox 202 1986 1425 2073; baseline 0.001 -23"><span class='ocrx_word' id='word_1_69' title='bbox 202 1987 442 2052; x_wconf 82' lang='lat' dir='ltr'>arbitrabantur.</span> <span class='ocrx_word' id='word_1_70' title='bbox 490 2009 548 2051; x_wconf 89' lang='lat' dir='ltr'>nec</span> <span class='ocrx_word' id='word_1_71' title='bbox 571 1986 674 2051; x_wconf 91' lang='lat' dir='ltr'>miuus</span> <span class='ocrx_word' id='word_1_72' title='bbox 691 1986 937 2064; x_wconf 86' lang='lat' dir='ltr'>dissentiebant,</span> <span class='ocrx_word' id='word_1_73' title='bbox 964 1987 1074 2073; x_wconf 89' lang='lat' dir='ltr'>quanti</span> <span class='ocrx_word' id='word_1_74' title='bbox 1090 1986 1320 2053; x_wconf 86' lang='lat' dir='ltr'>aestimandum</span> <span class='ocrx_word' id='word_1_75' title='bbox 1344 1992 1425 2052; x_wconf 88' lang='lat' dir='ltr'>esset</span> 
     </span>
     <span class='ocr_line' id='line_1_10' title="bbox 202 2092 1425 2179; baseline 0 -22"><span class='ocrx_word' id='word_1_76' title='bbox 202 2092 338 2158; x_wconf 88' lang='lat' dir='ltr'>auctoris</span> <span class='ocrx_word' id='word_1_77' title='bbox 361 2092 543 2179; x_wconf 85' lang='lat' dir='ltr'>ingenium:</span> <span class='ocrx_word' id='word_1_78' title='bbox 568 2117 641 2157; x_wconf 88' lang='lat' dir='ltr'>nam</span> <span class='ocrx_word' id='word_1_79' title='bbox 673 2117 744 2158; x_wconf 88' lang='lat' dir='ltr'>cum</span> <span class='ocrx_word' id='word_1_80' title='bbox 768 2093 823 2158; x_wconf 90' lang='lat' dir='ltr'>alii</span> <span class='ocrx_word' id='word_1_81' title='bbox 846 2094 988 2159; x_wconf 91' lang='lat' dir='ltr'>libellum</span> <span class='ocrx_word' id='word_1_82' title='bbox 1012 2119 1045 2162; x_wconf 81' lang='grc' dir='ltr'>π.</span> <span class='ocrx_word' id='word_1_83' title='bbox 1072 2099 1097 2162; x_wconf 78' lang='grc' dir='ltr'>ἑ.</span> <span class='ocrx_word' id='word_1_84' title='bbox 1128 2093 1256 2159; x_wconf 89' lang='lat' dir='ltr'>summis</span> <span class='ocrx_word' id='word_1_85' title='bbox 1280 2094 1425 2158; x_wconf 84' lang='lat' dir='ltr'>laudibus</span> 
     </span>
     <span class='ocr_line' id='line_1_11' title="bbox 202 2200 1425 2289; baseline 0 -24"><span class='ocrx_word' id='word_1_86' title='bbox 202 2200 350 2266; x_wconf 86' lang='lat' dir='ltr'>efferrent</span> <span class='ocrx_word' id='word_1_87' title='bbox 374 2200 421 2287; x_wconf 88' lang='lat' dir='ltr'>(ut</span> <span class='ocrx_word' id='word_1_88' title='bbox 444 2201 556 2266; x_wconf 92' lang='lat' dir='ltr'>Petrus</span> <span class='ocrx_word' id='word_1_89' title='bbox 580 2200 766 2288; x_wconf 83' lang='lat' dir='ltr'>Victorius),</span> <span class='ocrx_word' id='word_1_90' title='bbox 799 2203 838 2267; x_wconf 93' lang='lat' dir='ltr'>ab</span> <span class='ocrx_word' id='word_1_91' title='bbox 870 2200 941 2266; x_wconf 90' lang='lat' dir='ltr'>aliis</span> <span class='ocrx_word' id='word_1_92' title='bbox 965 2201 1128 2267; x_wconf 86' lang='lat' dir='ltr'>Demetrio</span> <span class='ocrx_word' id='word_1_93' title='bbox 1152 2201 1306 2266; x_wconf 89' lang='lat' dir='ltr'>Phalereo</span> <span class='ocrx_word' id='word_1_94' title='bbox 1330 2202 1425 2289; x_wconf 90' lang='lat' dir='ltr'>plane</span> 
     </span>
     <span class='ocr_line' id='line_1_12' title="bbox 202 2306 1426 2394; baseline 0.002 -24"><span class='ocrx_word' id='word_1_95' title='bbox 202 2306 351 2393; x_wconf 84' lang='lat' dir='ltr'>indignus</span> <span class='ocrx_word' id='word_1_96' title='bbox 376 2308 560 2373; x_wconf 77' lang='lat' dir='ltr'>censebatur</span> <span class='ocrx_word' id='word_1_97' title='bbox 585 2306 631 2394; x_wconf 92' lang='lat' dir='ltr'>(ut</span> <span class='ocrx_word' id='word_1_98' title='bbox 655 2332 673 2372; x_wconf 92' lang='lat' dir='ltr'>a</span> <span class='ocrx_word' id='word_1_99' title='bbox 698 2307 912 2392; x_wconf 83' lang='lat' dir='ltr'>Schneidero).</span> <span class='ocrx_word' id='word_1_100' title='bbox 943 2307 979 2384; x_wconf 90' lang='lat' dir='ltr'>is,</span> <span class='ocrx_word' id='word_1_101' title='bbox 1015 2308 1070 2394; x_wconf 93' lang='lat' dir='ltr'>qui</span> <span class='ocrx_word' id='word_1_102' title='bbox 1093 2332 1132 2373; x_wconf 87' lang='lat' dir='ltr'>ex</span> <span class='ocrx_word' id='word_1_103' title='bbox 1154 2310 1213 2372; x_wconf 87' lang='lat' dir='ltr'>hae</span> <span class='ocrx_word' id='word_1_104' title='bbox 1237 2307 1426 2373; x_wconf 90' lang='lat' dir='ltr'>iudiciorum</span> 
     </span>
     <span class='ocr_line' id='line_1_13' title="bbox 204 2413 1427 2502; baseline 0.002 -25"><span class='ocrx_word' id='word_1_105' title='bbox 204 2413 386 2479; x_wconf 89' lang='lat' dir='ltr'>diversitate</span> <span class='ocrx_word' id='word_1_106' title='bbox 410 2414 545 2479; x_wconf 85' lang='lat' dir='ltr'>coniciet</span> <span class='ocrx_word' id='word_1_107' title='bbox 568 2414 713 2479; x_wconf 85' lang='lat' dir='ltr'>libellum</span> <span class='ocrx_word' id='word_1_108' title='bbox 735 2439 875 2501; x_wconf 90' lang='lat' dir='ltr'>neque</span> <span class='ocrx_word' id='word_1_109' title='bbox 900 2414 1052 2502; x_wconf 89' lang='lat' dir='ltr'>optimum</span> <span class='ocrx_word' id='word_1_110' title='bbox 1077 2439 1210 2501; x_wconf 91' lang='lat' dir='ltr'>neque</span> <span class='ocrx_word' id='word_1_111' title='bbox 1233 2415 1337 2492; x_wconf 92' lang='lat' dir='ltr'>vilem,</span> <span class='ocrx_word' id='word_1_112' title='bbox 1372 2415 1427 2480; x_wconf 89' lang='lat' dir='ltr'>sed</span> 
     </span>
     <span class='ocr_line' id='line_1_14' title="bbox 204 2521 1425 2600; baseline 0 -15"><span class='ocrx_word' id='word_1_113' title='bbox 204 2521 395 2588; x_wconf 79' lang='lat' dir='ltr'>mediocrem</span> <span class='ocrx_word' id='word_1_114' title='bbox 420 2545 495 2600; x_wconf 85' lang='lat' dir='ltr'>esse,</span> <span class='ocrx_word' id='word_1_115' title='bbox 521 2521 772 2588; x_wconf 78' lang='lat' dir='ltr'>manifestissime</span> <span class='ocrx_word' id='word_1_116' title='bbox 789 2529 920 2588; x_wconf 87' lang='lat' dir='ltr'>erraret:</span> <span class='ocrx_word' id='word_1_117' title='bbox 948 2522 1089 2588; x_wconf 89' lang='lat' dir='ltr'>eontinet</span> <span class='ocrx_word' id='word_1_118' title='bbox 1111 2546 1185 2588; x_wconf 87' lang='lat' dir='ltr'>sane</span> <span class='ocrx_word' id='word_1_119' title='bbox 1201 2521 1328 2587; x_wconf 92' lang='lat' dir='ltr'>libellus</span> <span class='ocrx_word' id='word_1_120' title='bbox 1346 2551 1380 2590; x_wconf 81' lang='grc' dir='ltr'>π.</span> <span class='ocrx_word' id='word_1_121' title='bbox 1400 2521 1425 2589; x_wconf 77' lang='grc' dir='ltr'>ἑ.</span> 
     </span>
     <span class='ocr_line' id='line_1_15' title="bbox 204 2628 1429 2718; baseline 0.002 -26"><span class='ocrx_word' id='word_1_122' title='bbox 204 2634 247 2692; x_wconf 91' lang='lat' dir='ltr'>et</span> <span class='ocrx_word' id='word_1_123' title='bbox 279 2629 411 2715; x_wconf 89' lang='lat' dir='ltr'>optimas</span> <span class='ocrx_word' id='word_1_124' title='bbox 439 2636 543 2716; x_wconf 89' lang='lat' dir='ltr'>partes</span> <span class='ocrx_word' id='word_1_125' title='bbox 577 2635 617 2694; x_wconf 89' lang='lat' dir='ltr'>et</span> <span class='ocrx_word' id='word_1_126' title='bbox 652 2628 794 2709; x_wconf 87' lang='lat' dir='ltr'>viliores;</span> <span class='ocrx_word' id='word_1_127' title='bbox 833 2652 935 2715; x_wconf 89' lang='lat' dir='ltr'>neque</span> <span class='ocrx_word' id='word_1_128' title='bbox 967 2629 1021 2716; x_wconf 91' lang='lat' dir='ltr'>qui</span> <span class='ocrx_word' id='word_1_129' title='bbox 1053 2629 1225 2718; x_wconf 89' lang='lat' dir='ltr'>plurimum</span> <span class='ocrx_word' id='word_1_130' title='bbox 1256 2629 1429 2695; x_wconf 88' lang='lat' dir='ltr'>laudabant</span> 
     </span>
     <span class='ocr_line' id='line_1_16' title="bbox 204 2732 1428 2824; baseline 0 -24"><span class='ocrx_word' id='word_1_131' title='bbox 204 2759 307 2821; x_wconf 90' lang='lat' dir='ltr'>neque</span> <span class='ocrx_word' id='word_1_132' title='bbox 332 2736 385 2821; x_wconf 91' lang='lat' dir='ltr'>qui</span> <span class='ocrx_word' id='word_1_133' title='bbox 399 2736 511 2802; x_wconf 89' lang='lat' dir='ltr'>acriter</span> <span class='ocrx_word' id='word_1_134' title='bbox 523 2737 752 2824; x_wconf 87' lang='lat' dir='ltr'>vituperabant,</span> <span class='ocrx_word' id='word_1_135' title='bbox 782 2737 929 2803; x_wconf 89' lang='lat' dir='ltr'>videntur</span> <span class='ocrx_word' id='word_1_136' title='bbox 952 2738 1097 2803; x_wconf 91' lang='lat' dir='ltr'>libellum</span> <span class='ocrx_word' id='word_1_137' title='bbox 1110 2737 1150 2802; x_wconf 89' lang='lat' dir='ltr'>ad</span> <span class='ocrx_word' id='word_1_138' title='bbox 1161 2743 1263 2803; x_wconf 90' lang='lat' dir='ltr'>totum</span> <span class='ocrx_word' id='word_1_139' title='bbox 1281 2732 1428 2822; x_wconf 77' lang='lat' dir='ltr'>aequabi-</span> 
     </span>
     <span class='ocr_line' id='line_1_17' title="bbox 206 2840 1428 2930; baseline 0.002 -24"><span class='ocrx_word' id='word_1_140' title='bbox 206 2840 283 2908; x_wconf 83' lang='lat' dir='ltr'>liter</span> <span class='ocrx_word' id='word_1_141' title='bbox 309 2843 508 2930; x_wconf 83' lang='lat' dir='ltr'>spectavisse,</span> <span class='ocrx_word' id='word_1_142' title='bbox 545 2844 601 2910; x_wconf 84' lang='lat' dir='ltr'>sed</span> <span class='ocrx_word' id='word_1_143' title='bbox 632 2844 810 2910; x_wconf 85' lang='lat' dir='ltr'>laudatores</span> <span class='ocrx_word' id='word_1_144' title='bbox 845 2844 886 2910; x_wconf 90' lang='lat' dir='ltr'>ad</span> <span class='ocrx_word' id='word_1_145' title='bbox 918 2846 1002 2910; x_wconf 89' lang='lat' dir='ltr'>locos</span> <span class='ocrx_word' id='word_1_146' title='bbox 1036 2844 1196 2928; x_wconf 90' lang='lat' dir='ltr'>meliores,</span> <span class='ocrx_word' id='word_1_147' title='bbox 1229 2843 1269 2909; x_wconf 91' lang='lat' dir='ltr'>ad</span> <span class='ocrx_word' id='word_1_148' title='bbox 1302 2842 1428 2909; x_wconf 89' lang='lat' dir='ltr'>viliores</span> 
     </span>
     <span class='ocr_line' id='line_1_18' title="bbox 208 2950 1428 3039; baseline 0.003 -26"><span class='ocrx_word' id='word_1_149' title='bbox 208 2957 313 3036; x_wconf 85' lang='lat' dir='ltr'>partes</span> <span class='ocrx_word' id='word_1_150' title='bbox 343 2951 376 3030; x_wconf 94' lang='lat' dir='ltr'>ii,</span> <span class='ocrx_word' id='word_1_151' title='bbox 409 2951 462 3038; x_wconf 91' lang='lat' dir='ltr'>qui</span> <span class='ocrx_word' id='word_1_152' title='bbox 493 2951 721 3039; x_wconf 82' lang='lat' dir='ltr'>vituperabant.</span> <span class='ocrx_word' id='word_1_153' title='bbox 769 2952 874 3018; x_wconf 88' lang='lat' dir='ltr'>nescio</span> <span class='ocrx_word' id='word_1_154' title='bbox 905 2977 944 3017; x_wconf 97' lang='lat' dir='ltr'>an</span> <span class='ocrx_word' id='word_1_155' title='bbox 968 2951 1065 3017; x_wconf 91' lang='lat' dir='ltr'>simili</span> <span class='ocrx_word' id='word_1_156' title='bbox 1088 2975 1182 3017; x_wconf 86' lang='lat' dir='ltr'>eausa</span> <span class='ocrx_word' id='word_1_157' title='bbox 1209 2950 1366 3030; x_wconf 88' lang='lat' dir='ltr'>acciderit,</span> <span class='ocrx_word' id='word_1_158' title='bbox 1392 2959 1428 3017; x_wconf 89' lang='lat' dir='ltr'>ut</span> 
     </span>
     <span class='ocr_line' id='line_1_19' title="bbox 206 3056 1429 3140; baseline 0.002 -19"><span class='ocrx_word' id='word_1_159' title='bbox 206 3057 246 3121; x_wconf 89' lang='lat' dir='ltr'>de</span> <span class='ocrx_word' id='word_1_160' title='bbox 270 3064 372 3123; x_wconf 87' lang='lat' dir='ltr'>aetate</span> <span class='ocrx_word' id='word_1_161' title='bbox 396 3057 469 3123; x_wconf 90' lang='lat' dir='ltr'>libri</span> <span class='ocrx_word' id='word_1_162' title='bbox 491 3057 609 3123; x_wconf 87' lang='lat' dir='ltr'>iudicia</span> <span class='ocrx_word' id='word_1_163' title='bbox 631 3059 713 3124; x_wconf 90' lang='lat' dir='ltr'>inter</span> <span class='ocrx_word' id='word_1_164' title='bbox 736 3082 769 3125; x_wconf 89' lang='lat' dir='ltr'>se</span> <span class='ocrx_word' id='word_1_165' title='bbox 793 3056 942 3126; x_wconf 86' lang='lat' dir='ltr'>distantia</span> <span class='ocrx_word' id='word_1_166' title='bbox 966 3057 1024 3123; x_wconf 90' lang='lat' dir='ltr'>viri</span> <span class='ocrx_word' id='word_1_167' title='bbox 1047 3059 1132 3125; x_wconf 89' lang='lat' dir='ltr'>docti</span> <span class='ocrx_word' id='word_1_168' title='bbox 1155 3058 1310 3140; x_wconf 83' lang='lat' dir='ltr'>facerent3</span> <span class='ocrx_word' id='word_1_169' title='bbox 1339 3058 1429 3124; x_wconf 90' lang='lat' dir='ltr'>libel·</span> 
     </span>
     <span class='ocr_line' id='line_1_20' title="bbox 205 3165 1428 3254; baseline 0.003 -27"><span class='ocrx_word' id='word_1_170' title='bbox 205 3165 257 3229; x_wconf 89' lang='lat' dir='ltr'>lus</span> <span class='ocrx_word' id='word_1_171' title='bbox 290 3188 364 3230; x_wconf 88' lang='lat' dir='ltr'>sane</span> <span class='ocrx_word' id='word_1_172' title='bbox 388 3165 464 3231; x_wconf 89' lang='lat' dir='ltr'>alibi</span> <span class='ocrx_word' id='word_1_173' title='bbox 488 3165 688 3253; x_wconf 88' lang='lat' dir='ltr'>simplicitate</span> <span class='ocrx_word' id='word_1_174' title='bbox 710 3166 812 3254; x_wconf 88' lang='lat' dir='ltr'>prisca</span> <span class='ocrx_word' id='word_1_175' title='bbox 834 3167 943 3246; x_wconf 88' lang='lat' dir='ltr'>utitur,</span> <span class='ocrx_word' id='word_1_176' title='bbox 972 3165 1049 3232; x_wconf 90' lang='lat' dir='ltr'>alibi</span> <span class='ocrx_word' id='word_1_177' title='bbox 1078 3167 1199 3232; x_wconf 89' lang='lat' dir='ltr'>redolet</span> <span class='ocrx_word' id='word_1_178' title='bbox 1221 3165 1428 3233; x_wconf 88' lang='lat' dir='ltr'>subtilitatem</span> 
     </span>
     <span class='ocr_line' id='line_1_21' title="bbox 204 3272 1428 3361; baseline 0.002 -25"><span class='ocrx_word' id='word_1_179' title='bbox 204 3273 352 3358; x_wconf 86' lang='lat' dir='ltr'>pusillam</span> <span class='ocrx_word' id='word_1_180' title='bbox 374 3274 540 3337; x_wconf 90' lang='lat' dir='ltr'>hominum</span> <span class='ocrx_word' id='word_1_181' title='bbox 562 3273 779 3360; x_wconf 85' lang='lat' dir='ltr'>posteriorum.</span> <span class='ocrx_word' id='word_1_182' title='bbox 805 3274 828 3338; x_wconf 92' lang='lat' dir='ltr'>ii</span> <span class='ocrx_word' id='word_1_183' title='bbox 851 3274 910 3339; x_wconf 91' lang='lat' dir='ltr'>viri</span> <span class='ocrx_word' id='word_1_184' title='bbox 933 3274 1031 3350; x_wconf 88' lang='lat' dir='ltr'>docti,</span> <span class='ocrx_word' id='word_1_185' title='bbox 1057 3273 1112 3361; x_wconf 93' lang='lat' dir='ltr'>qui</span> <span class='ocrx_word' id='word_1_186' title='bbox 1134 3274 1174 3339; x_wconf 89' lang='lat' dir='ltr'>ad</span> <span class='ocrx_word' id='word_1_187' title='bbox 1198 3297 1264 3338; x_wconf 88' lang='lat' dir='ltr'>rem</span> <span class='ocrx_word' id='word_1_188' title='bbox 1286 3272 1428 3361; x_wconf 85' lang='lat' dir='ltr'>proxime</span> 
     </span>
     <span class='ocr_line' id='line_1_22' title="bbox 204 3379 1429 3468; baseline 0.002 -25"><span class='ocrx_word' id='word_1_189' title='bbox 204 3385 341 3465; x_wconf 84' lang='lat' dir='ltr'>aggressi</span> <span class='ocrx_word' id='word_1_190' title='bbox 374 3387 456 3460; x_wconf 89' lang='lat' dir='ltr'>sunt,</span> <span class='ocrx_word' id='word_1_191' title='bbox 480 3379 639 3446; x_wconf 88' lang='lat' dir='ltr'>Liersium</span> <span class='ocrx_word' id='word_1_192' title='bbox 668 3381 738 3446; x_wconf 89' lang='lat' dir='ltr'>dico</span> <span class='ocrx_word' id='word_1_193' title='bbox 763 3390 794 3448; x_wconf 91' lang='lat' dir='ltr'>et</span> <span class='ocrx_word' id='word_1_194' title='bbox 817 3382 1035 3460; x_wconf 86' lang='lat' dir='ltr'>Hammerum,</span> <span class='ocrx_word' id='word_1_195' title='bbox 1070 3405 1259 3468; x_wconf 90' lang='lat' dir='ltr'>quamquam</span> <span class='ocrx_word' id='word_1_196' title='bbox 1292 3379 1374 3447; x_wconf 92' lang='lat' dir='ltr'>inter</span> <span class='ocrx_word' id='word_1_197' title='bbox 1396 3404 1429 3446; x_wconf 87' lang='lat' dir='ltr'>se</span> 
     </span>
     <span class='ocr_line' id='line_1_23' title="bbox 205 3486 1428 3576; baseline -0.001 -24"><span class='ocrx_word' id='word_1_198' title='bbox 205 3486 385 3552; x_wconf 87' lang='lat' dir='ltr'>doctissime</span> <span class='ocrx_word' id='word_1_199' title='bbox 409 3487 658 3574; x_wconf 87' lang='lat' dir='ltr'>disputaverunt,</span> <span class='ocrx_word' id='word_1_200' title='bbox 683 3495 788 3554; x_wconf 88' lang='lat' dir='ltr'>tamen</span> <span class='ocrx_word' id='word_1_201' title='bbox 812 3513 914 3576; x_wconf 89' lang='lat' dir='ltr'>neque</span> <span class='ocrx_word' id='word_1_202' title='bbox 938 3488 1029 3555; x_wconf 89' lang='lat' dir='ltr'>alteri</span> <span class='ocrx_word' id='word_1_203' title='bbox 1052 3489 1132 3554; x_wconf 86' lang='lat' dir='ltr'>alter</span> <span class='ocrx_word' id='word_1_204' title='bbox 1156 3489 1194 3554; x_wconf 93' lang='lat' dir='ltr'>de</span> <span class='ocrx_word' id='word_1_205' title='bbox 1218 3487 1320 3554; x_wconf 88' lang='lat' dir='ltr'>libelli</span> <span class='ocrx_word' id='word_1_206' title='bbox 1344 3516 1379 3556; x_wconf 83' lang='grc' dir='ltr'>π.</span> <span class='ocrx_word' id='word_1_207' title='bbox 1402 3490 1428 3552; x_wconf 80' lang='grc' dir='ltr'>ἑ.</span> 
     </span>
     <span class='ocr_line' id='line_1_24' title="bbox 205 3594 1428 3683; baseline 0.002 -25"><span class='ocrx_word' id='word_1_208' title='bbox 205 3600 333 3660; x_wconf 84' lang='lat' dir='ltr'>auctore</span> <span class='ocrx_word' id='word_1_209' title='bbox 356 3601 388 3660; x_wconf 89' lang='lat' dir='ltr'>et</span> <span class='ocrx_word' id='word_1_210' title='bbox 411 3600 512 3660; x_wconf 87' lang='lat' dir='ltr'>aetate</span> <span class='ocrx_word' id='word_1_211' title='bbox 547 3594 710 3683; x_wconf 89' lang='lat' dir='ltr'>persuasit,</span> <span class='ocrx_word' id='word_1_212' title='bbox 747 3621 859 3683; x_wconf 89' lang='lat' dir='ltr'>neque,</span> <span class='ocrx_word' id='word_1_213' title='bbox 893 3603 929 3663; x_wconf 91' lang='lat' dir='ltr'>ut</span> <span class='ocrx_word' id='word_1_214' title='bbox 952 3596 1085 3674; x_wconf 78' lang='lat' dir='ltr'>videtur,</span> <span class='ocrx_word' id='word_1_215' title='bbox 1118 3595 1298 3662; x_wconf 89' lang='lat' dir='ltr'>hominibus</span> <span class='ocrx_word' id='word_1_216' title='bbox 1321 3594 1428 3683; x_wconf 88' lang='lat' dir='ltr'>pleris-</span> 
     </span>
     <span class='ocr_line' id='line_1_25' title="bbox 206 3701 1428 3791; baseline 0.001 -24"><span class='ocrx_word' id='word_1_217' title='bbox 206 3725 268 3788; x_wconf 90' lang='lat' dir='ltr'>que</span> <span class='ocrx_word' id='word_1_218' title='bbox 291 3701 481 3767; x_wconf 89' lang='lat' dir='ltr'>nostratibus</span> <span class='ocrx_word' id='word_1_219' title='bbox 504 3701 677 3768; x_wconf 88' lang='lat' dir='ltr'>rhetoricae</span> <span class='ocrx_word' id='word_1_220' title='bbox 700 3704 814 3769; x_wconf 89' lang='lat' dir='ltr'>veteris</span> <span class='ocrx_word' id='word_1_221' title='bbox 837 3702 963 3791; x_wconf 90' lang='lat' dir='ltr'>peritis;</span> <span class='ocrx_word' id='word_1_222' title='bbox 989 3704 1028 3769; x_wconf 76' lang='lat' dir='ltr'>R.</span> <span class='ocrx_word' id='word_1_223' title='bbox 1054 3703 1294 3772; x_wconf 88' lang='lat' dir='ltr'>Volkmauuum</span> <span class='ocrx_word' id='word_1_224' title='bbox 1325 3703 1428 3782; x_wconf 90' lang='lat' dir='ltr'>medo,</span> 
     </span>
    </p>
   </div>
   <div class='ocr_carea' id='block_1_2' title="bbox 210 3903 525 3911">
    <p class='ocr_par' dir='ltr' id='par_1_2' title="bbox 210 3903 525 3911">
     <span class='ocr_line' id='line_1_26' title="bbox 210 3903 525 3911; baseline -0.01 0"><span class='ocrx_word' id='word_1_225' title='bbox 210 3903 525 3911; x_wconf 47' lang='lat' dir='ltr'>——a—--w</span> 
     </span>
    </p>
   </div>
   <div class='ocr_carea' id='block_1_3' title="bbox 205 4021 1432 4541">
    <p class='ocr_par' dir='ltr' id='par_1_3' title="bbox 205 4021 1432 4541">
     <span class='ocr_line' id='line_1_27' title="bbox 315 4021 1429 4093; baseline 0 -15"><span class='ocrx_word' id='word_1_226' title='bbox 315 4023 336 4093; x_wconf 77' lang='lat'>1)</span> <span class='ocrx_word' id='word_1_227' title='bbox 354 4025 391 4078; x_wconf 92' lang='lat' dir='ltr'>H.</span> <span class='ocrx_word' id='word_1_228' title='bbox 411 4023 530 4077; x_wconf 87' lang='lat' dir='ltr'>Liers:</span> <span class='ocrx_word' id='word_1_229' title='bbox 551 4024 583 4077; x_wconf 91' lang='lat' dir='ltr'>de</span> <span class='ocrx_word' id='word_1_230' title='bbox 602 4030 692 4078; x_wconf 87' lang='lat' dir='ltr'>aetate</span> <span class='ocrx_word' id='word_1_231' title='bbox 712 4029 740 4078; x_wconf 89' lang='lat' dir='ltr'>et</span> <span class='ocrx_word' id='word_1_232' title='bbox 757 4023 887 4091; x_wconf 87' lang='lat' dir='ltr'>scriptore</span> <span class='ocrx_word' id='word_1_233' title='bbox 906 4023 977 4093; x_wconf 89' lang='lat' dir='ltr'>libri,</span> <span class='ocrx_word' id='word_1_234' title='bbox 992 4022 1038 4091; x_wconf 89' lang='lat' dir='ltr'>qui</span> <span class='ocrx_word' id='word_1_235' title='bbox 1053 4023 1140 4078; x_wconf 84' lang='lat' dir='ltr'>fertur</span> <span class='ocrx_word' id='word_1_236' title='bbox 1153 4021 1288 4078; x_wconf 89' lang='lat' dir='ltr'>Demetrii</span> <span class='ocrx_word' id='word_1_237' title='bbox 1302 4023 1429 4078; x_wconf 88' lang='lat' dir='ltr'>Phalerei</span> 
     </span>
     <span class='ocr_line' id='line_1_28' title="bbox 205 4112 1426 4181; baseline 0 -13"><span class='ocrx_word' id='word_1_238' title='bbox 205 4133 234 4172; x_wconf 81' lang='lat' dir='ltr'>rr.</span> <span class='ocrx_word' id='word_1_239' title='bbox 268 4115 289 4166; x_wconf 80' lang='grc' dir='ltr'>ἑ.</span> <span class='ocrx_word' id='word_1_240' title='bbox 338 4114 451 4168; x_wconf 86' lang='lat' dir='ltr'>Breslau</span> <span class='ocrx_word' id='word_1_241' title='bbox 489 4116 564 4168; x_wconf 88' lang='lat'>1880.</span> <span class='ocrx_word' id='word_1_242' title='bbox 615 4118 708 4167; x_wconf 86' lang='lat' dir='ltr'>contra</span> <span class='ocrx_word' id='word_1_243' title='bbox 744 4114 814 4180; x_wconf 90' lang='lat' dir='ltr'>quod</span> <span class='ocrx_word' id='word_1_244' title='bbox 854 4115 1011 4181; x_wconf 86' lang='lat' dir='ltr'>opuseulum</span> <span class='ocrx_word' id='word_1_245' title='bbox 1048 4112 1149 4166; x_wconf 86' lang='lat' dir='ltr'>Liersii</span> <span class='ocrx_word' id='word_1_246' title='bbox 1191 4113 1350 4167; x_wconf 85' lang='lat' dir='ltr'>adversatus</span> <span class='ocrx_word' id='word_1_247' title='bbox 1398 4130 1426 4168; x_wconf 86' lang='lat' dir='ltr'>es</span> 
     </span>
     <span class='ocr_line' id='line_1_29' title="bbox 206 4201 1431 4271; baseline -0.002 -13"><span class='ocrx_word' id='word_1_248' title='bbox 206 4205 373 4258; x_wconf 89' lang='lat' dir='ltr'>Hammer</span> <span class='ocrx_word' id='word_1_249' title='bbox 398 4203 427 4256; x_wconf 90' lang='lat' dir='ltr'>in</span> <span class='ocrx_word' id='word_1_250' title='bbox 446 4201 670 4271; x_wconf 82' lang='lat' dir='ltr'>commentariolo,</span> <span class='ocrx_word' id='word_1_251' title='bbox 698 4218 776 4269; x_wconf 89' lang='lat' dir='ltr'>quem</span> <span class='ocrx_word' id='word_1_252' title='bbox 804 4203 955 4271; x_wconf 86' lang='lat' dir='ltr'>inscripsit:</span> <span class='ocrx_word' id='word_1_253' title='bbox 976 4202 1133 4257; x_wconf 87' lang='lat' dir='ltr'>Demetrius</span> <span class='ocrx_word' id='word_1_254' title='bbox 1153 4221 1179 4258; x_wconf 81' lang='lat' dir='ltr'>n.</span> <span class='ocrx_word' id='word_1_255' title='bbox 1199 4201 1219 4253; x_wconf 77' lang='grc' dir='ltr'>ἑ.</span> <span class='ocrx_word' id='word_1_256' title='bbox 1249 4202 1293 4255; x_wconf 88' lang='lat' dir='ltr'>eiu</span> <span class='ocrx_word' id='word_1_257' title='bbox 1323 4202 1431 4256; x_wconf 90' lang='lat' dir='ltr'>literart</span> 
     </span>
     <span class='ocr_line' id='line_1_30' title="bbox 206 4290 1432 4360; baseline -0.002 -13"><span class='ocrx_word' id='word_1_258' title='bbox 206 4291 381 4347; x_wconf 86' lang='lat' dir='ltr'>historischer</span> <span class='ocrx_word' id='word_1_259' title='bbox 405 4291 536 4346; x_wconf 85' lang='lat' dir='ltr'>Versuch.</span> <span class='ocrx_word' id='word_1_260' title='bbox 573 4291 717 4345; x_wconf 86' lang='lat' dir='ltr'>Landshut</span> <span class='ocrx_word' id='word_1_261' title='bbox 744 4296 892 4345; x_wconf 84' lang='lat'>1882-83.</span> <span class='ocrx_word' id='word_1_262' title='bbox 930 4292 1107 4346; x_wconf 88' lang='lat' dir='ltr'>Hammerum</span> <span class='ocrx_word' id='word_1_263' title='bbox 1135 4305 1227 4344; x_wconf 89' lang='lat' dir='ltr'>rursus</span> <span class='ocrx_word' id='word_1_264' title='bbox 1259 4290 1432 4360; x_wconf 79' lang='lat' dir='ltr'>impugnavit</span> 
     </span>
     <span class='ocr_line' id='line_1_31' title="bbox 206 4379 1431 4448; baseline 0 -14"><span class='ocrx_word' id='word_1_265' title='bbox 206 4381 236 4435; x_wconf 92' lang='lat' dir='ltr'>in</span> <span class='ocrx_word' id='word_1_266' title='bbox 255 4382 341 4435; x_wconf 87' lang='lat' dir='ltr'>altera</span> <span class='ocrx_word' id='word_1_267' title='bbox 361 4379 557 4448; x_wconf 85' lang='lat' dir='ltr'>disceptatione</span> <span class='ocrx_word' id='word_1_268' title='bbox 575 4380 695 4434; x_wconf 88' lang='lat' dir='ltr'>Liers:</span> <span class='ocrx_word' id='word_1_269' title='bbox 715 4381 770 4434; x_wconf 83' lang='lat' dir='ltr'>Zur</span> <span class='ocrx_word' id='word_1_270' title='bbox 790 4381 952 4435; x_wconf 82' lang='lat' dir='ltr'>Geschiehte</span> <span class='ocrx_word' id='word_1_271' title='bbox 971 4383 996 4435; x_wconf 84' lang='lat' dir='ltr'>d.</span> <span class='ocrx_word' id='word_1_272' title='bbox 1017 4380 1158 4435; x_wconf 85' lang='lat' dir='ltr'>Stilerten.</span> <span class='ocrx_word' id='word_1_273' title='bbox 1196 4380 1275 4434; x_wconf 86' lang='lat' dir='ltr'>Jhrb.</span> <span class='ocrx_word' id='word_1_274' title='bbox 1296 4380 1315 4433; x_wconf 86' lang='lat' dir='ltr'>f.</span> <span class='ocrx_word' id='word_1_275' title='bbox 1330 4380 1431 4434; x_wconf 89' lang='lat' dir='ltr'>Philol-</span> 
     </span>
     <span class='ocr_line' id='line_1_32' title="bbox 209 4471 666 4541; baseline -0.002 -17"><span class='ocrx_word' id='word_1_276' title='bbox 209 4473 287 4541; x_wconf 84' lang='grc'><strong>1887,</strong></span> <span class='ocrx_word' id='word_1_277' title='bbox 306 4471 358 4525; x_wconf 92' lang='lat' dir='ltr'>Bd.</span> <span class='ocrx_word' id='word_1_278' title='bbox 380 4475 439 4541; x_wconf 78' lang='lat'>135,</span> <span class='ocrx_word' id='word_1_279' title='bbox 459 4487 504 4539; x_wconf 86' lang='lat' dir='ltr'>pg.</span> <span class='ocrx_word' id='word_1_280' title='bbox 527 4474 586 4524; x_wconf 88' lang='grc'><strong>681.</strong></span> <span class='ocrx_word' id='word_1_281' title='bbox 608 4487 666 4538; x_wconf 83' lang='lat' dir='ltr'>sqq.</span> 
     </span>
    </p>
   </div>
   <div class='ocr_carea' id='block_1_4' title="bbox 1257 4544 1270 4594">
    <p class='ocr_par' dir='ltr' id='par_1_4' title="bbox 1257 4544 1270 4594">
     <span class='ocr_line' id='line_1_33' title="bbox 1257 4544 1270 4594; baseline 0 0"><span class='ocrx_word' id='word_1_282' title='bbox 1257 4544 1270 4594; x_wconf 95' lang='grc'>1</span> 
     </span>
    </p>
   </div>
   <div class='ocr_carea' id='block_1_5' title="bbox 0 0 1655 5332">
    <p class='ocr_par' dir='ltr' id='par_1_5' title="bbox 0 0 1655 5332">
     <span class='ocr_line' id='line_1_34' title="bbox 0 0 1655 5332; baseline 0 0"><span class='ocrx_word' id='word_1_283' title='bbox 0 0 1655 5332; x_wconf 95' lang='lat' dir='ltr'> </span> 
     </span>
    </p>
   </div>
  </div>
 </body>
</html>
