3278 5332
829 311 1049 377 ,22-

321 507 499 574 iudicantur
520 506 575 594 (cf.
599 507 664 572 iud.
690 508 729 572 de
745 507 836 572 Isaeo
860 531 906 594 cp.
931 508 1012 594 XX)
1042 547 1077 556 -
1102 532 1157 573 cur
1179 508 1213 572 hi
1234 515 1372 574 oratores
1387 533 1426 575 ex
1449 508 1556 575 forma

321 615 384 681 iam
407 614 496 703 quasi
518 637 658 703 possessa
681 614 807 679 omnino
832 615 950 680 exclusi
973 615 1045 694 sint,
1070 639 1150 680 unus
1175 616 1405 682 Demosthenes
1429 616 1550 703 dignus

324 721 365 788 sit
387 721 523 800 habitus,
548 721 603 809 qui
625 721 757 786 formam
782 721 1095 810 diutiuspossideret.
1144 746 1252 788 verum
1277 722 1458 788 enimvero
1485 723 1552 810 qui·

322 828 458 895 busdam
481 826 655 914 Dionysius
678 828 799 893 aditum
823 829 863 893 ad
886 828 1017 894 formam
1038 829 1263 894 Demosthenis
1286 836 1392 916 aperte
1414 837 1552 910 recusat,

324 959 396 1002 cum
420 959 472 1001 eos
496 935 663 1002 distribuat
685 935 718 999 in
742 943 804 1000 tres
828 934 942 1001 formas
957 935 1087 1002 traditas
1111 936 1173 1023 (cp.
1192 937 1306 1021 VIII).
1332 937 1410 1003 alios
1434 959 1553 1023 eosque

324 1042 476 1110 maximos
498 1041 625 1108 silentio
648 1042 798 1130 praeterit
820 1042 854 1106 in
877 1044 937 1108 hoc
960 1044 1038 1109 libro
1063 1044 1102 1108 de
1116 1043 1340 1110 Demosthenis
1364 1044 1395 1109 vi
1420 1044 1552 1110 dicendi

323 1149 516 1217 admiranda.
564 1149 659 1214 etiam
682 1148 816 1228 idcirco,
849 1151 933 1237 quod
956 1151 1035 1216 tales
1058 1150 1199 1235 neglexit
1222 1156 1316 1236 atque
1340 1149 1452 1226 omisit,
1486 1175 1552 1218 sus·

320 1257 406 1346 picor
430 1255 621 1342 Dionysium
654 1255 816 1322 induxisse
850 1255 981 1322 formam
1005 1258 1111 1337 istam;
1149 1282 1222 1322 narn
1255 1257 1409 1323 erroribus
1442 1259 1551 1324 solent

320 1388 384 1431 non
407 1387 511 1430 carere
534 1362 634 1428 initia.
683 1361 786 1448 quid‘?
831 1362 859 1428 si
892 1387 926 1427 re
959 1387 1032 1429 vera
1055 1365 1286 1429 Demosthenes
1309 1370 1398 1430 tanto
1423 1371 1552 1450 praeter

321 1480 440 1538 ceteros
462 1471 649 1559 praestabat,
675 1492 730 1533 cur
753 1494 816 1534 non
849 1469 995 1555 quintum
1024 1494 1123 1557 genus
1156 1471 1384 1550 inveniebatur,
1410 1471 1463 1536 cui
1486 1472 1550 1538 iste

320 1582 502 1667 praeesset?
538 1577 562 1641 ii
594 1576 733 1664 profecto
757 1577 906 1656 rhetores,
932 1577 989 1663 qui
1013 1584 1155 1664 quartam
1179 1578 1254 1643 olim
1270 1578 1402 1644 formam
1424 1578 1550 1646 institu-

320 1690 410 1754 erant
432 1725 475 1735 -›
497 1707 650 1773 ponamus
684 1683 768 1748 enim
802 1692 875 1750 ante
898 1683 1089 1770 Dionysium
1125 1684 1204 1750 alios
1236 1686 1375 1750 rhetores
1409 1709 1480 1751 cam
1503 1686 1548 1752 in-

320 1793 458 1861 stituisse
473 1831 509 1839 -
526 1815 630 1856 nonne
640 1790 711 1856 ideo
724 1790 897 1856 instituisse
912 1792 1045 1880 putandi
1058 1799 1140 1871 sunt,
1165 1793 1249 1877 quod
1264 1799 1327 1857 tres
1339 1792 1474 1858 traditae
1485 1818 1552 1859 non

320 1899 543 1967 sufficiebant?
590 1898 673 1985 quod
698 1904 788 1963 notas
812 1899 962 1984 quasdam
979 1899 1130 1986 signaque
1154 1907 1238 1965 certa
1261 1899 1295 1963 in
1318 1897 1439 1984 aliquot
1453 1899 1551 1988 scrip-

320 2006 440 2076 toribus
456 2006 695 2093 cognoscebant,
719 2011 846 2093 propter
863 2027 943 2091 quae
967 2030 1006 2071 ex
1021 2005 1144 2071 traditis
1167 2006 1342 2071 tollerent?
1388 2029 1465 2070 num
1491 2007 1550 2072 has

319 2121 410 2182 notas
433 2113 584 2200 signaque
608 2137 626 2177 a
649 2112 803 2198 Dionysio
836 2112 882 2178 ita
915 2112 1041 2199 neglegi
1077 2111 1225 2190 licuisset,
1263 2118 1298 2177 ut
1331 2111 1419 2178 brevi
1450 2137 1552 2179 manu

320 2219 477 2310 principes
502 2219 577 2286 istos
600 2219 719 2285 formae
752 2225 880 2305 quartae
915 2227 1067 2286 retrorsus
1099 2226 1273 2284 removeret
1295 2220 1335 2284 ad
1359 2218 1434 2284 istas
1457 2224 1552 2286 tres?

321 2330 382 2394 hoc
405 2326 534 2393 minime
558 2326 637 2391 mihi
659 2327 847 2415 persuadere
870 2327 968 2414 potui.
1016 2351 1089 2391 nam
1111 2325 1159 2406 iis,
1192 2348 1272 2412 quae
1306 2325 1339 2390 in
1376 2326 1551 2415 disciplina

321 2436 389 2503 ulla
410 2436 490 2500 bene
513 2440 660 2520 recteque
684 2439 776 2498 antea
800 2432 925 2519 cognita
947 2442 1029 2512 sunt,
1053 2433 1117 2499 frui
1139 2435 1241 2500 solent
1265 2439 1296 2501 et
1318 2433 1366 2499 uti
1385 2435 1553 2515 homines,

323 2566 386 2608 non
410 2541 541 2608 abicere.
590 2546 622 2605 at
637 2540 839 2606 manifestum
862 2546 909 2606 est
931 2540 1007 2606 talia
1030 2540 1120 2627 signa
1142 2541 1283 2606 nondum
1298 2548 1421 2629 reperta
1437 2540 1547 2619 fuisse,

321 2657 447 2740 propter
457 2671 537 2736 qnae
550 2649 590 2714 ad
600 2673 714 2714 novam
727 2656 759 2714 et
772 2654 914 2734 quartam
928 2648 1059 2714 formam
1072 2649 1224 2715 referrent
1230 2674 1274 2715 nr.
1300 2649 1394 2713 immo
1407 2672 1482 2713 vero
1511 2673 1550 2714 eo

322 2765 470 2845 tempore,
495 2778 556 2842 quo
581 2758 686 2822 rhetor
710 2757 750 2821 ad
773 2755 972 2821 Herennium
995 2755 1127 2843 scripsit,
1158 2758 1420 2821 »consumebatur
1444 2755 1551 2822 omnis

322 2864 420 2931 oratio
443 2887 507 2929 non
522 2863 635 2929 vitiosa
657 2864 691 2927 in
714 2863 813 2928 tribus
836 2863 1022 2952 generibus<
1045 2861 1118 2952 (IV,
1144 2864 1174 2942 8,
1203 2863 1277 2951 ll),
1304 2864 1551 2928 consumebatur

323 2970 418 3038 etiam
442 2969 603 3036 Ciceronis
627 2976 747 3051 aetate;
783 2994 841 3036 neo
871 2972 976 3058 plnres
1009 2992 1103 3056 quam
1138 2976 1200 3036 tres
1232 2969 1346 3035 formas
1370 2969 1549 3056 Dionysius

323 3077 520 3167 gravissimas
554 3101 621 3143 esse
644 3077 814 3144 iudicabat.
860 3077 894 3142 id
930 3079 1033 3143 solum
1057 3101 1179 3154 causae,
1217 3101 1272 3142 cur
1294 3078 1550 3144 Demosthenem

323 3185 448 3253 axillis
471 3183 647 3250 carceribus
678 3184 825 3264 emiserit,
850 3184 1010 3250 videmus:
1050 3186 1134 3272 quod
1158 3185 1406 3250 Demosthenem
1428 3184 1461 3249 in
1486 3209 1552 3250 mo·

324 3294 400 3360 dum
433 3316 533 3380 paene
568 3291 786 3359 incredibilem
823 3294 1047 3372 venerabatur,
1084 3293 1210 3379 quade
1235 3291 1440 3358 admiratione
1477 3315 1549 3357 oon·

324 3399 442 3466 feratur
465 3405 560 3486 caput
583 3397 695 3462 XXII
717 3405 893 3485 pernotum.

430 3577 537 3663 itaque
561 3583 633 3642 ante
649 3575 839 3663 Dionysium
850 3577 982 3642 formam
1007 3575 1118 3665 δεινήν
1141 3575 1281 3642 extitisse
1293 3600 1382 3662 nego.
1432 3600 1550 3664 negare

326 3708 433 3752 vereor
457 3690 530 3750 ante
542 3682 734 3770 Dionysium
758 3687 927 3773 δεινότητα
950 3683 1108 3769 quandam
1132 3684 1216 3771 apud
1239 3684 1378 3748 rhetores
1395 3684 1549 3752 extitisse.

326 3815 504 3879 quamquo
527 3791 655 3856 nomine
678 3792 842 3878 appellem,
877 3791 996 3866 dubito,
1033 3791 1118 3876 quod
1154 3789 1248 3856 variis
1279 3790 1461 3857 notionibus
1499 3792 1549 3859 uti

326 3899 459 3966 videtur.
515 3899 659 3986 exempla
708 3897 890 3984 gravissima
934 3901 1013 3964 baec
1057 3903 1150 3964 sunt:
1206 3898 1245 3963 de
1290 3904 1365 3964 vett.
1425 3899 1549 3988 scriptt.

327 4029 409 4074 cens.
451 4005 512 4084 IV,
534 4005 558 4088 ¹)
592 4004 648 4070 ubi
686 4012 731 4071 est
770 4029 920 4070 »acumen
954 4004 1164 4085 disserendi«,
1207 4004 1293 4070 idem
1326 4011 1373 4070 est
1406 4004 1441 4070 in
1481 4005 1552 4074 iud.

328 4239 644 4252 —————-——-——

434 4433 639 4503 1)πα(ναληπτέος
659 4434 688 4486 δὲ
706 4435 750 4487 καί
766 4432 939 4504 Ἀριστοτέλης
958 4435 994 4492 εἰς
1011 4439 1126 4505 μίμησιν
1145 4440 1191 4498 τῆς
1209 4452 1236 4486 τε
1255 4435 1315 4504 περὶ
1333 4429 1383 4498 τήν
1402 4433 1555 4505 ἑρμηνείαν

330 4522 481 4598 δεινότητος
499 4525 544 4575 καὶ
562 4529 608 4590 τῆς
627 4530 773 4594 σαφηνείας
791 4524 835 4576 καὶ
853 4528 901 4575 τοί
919 4519 1005 4588 ἡδέος.
