3278 5332
603 316 801 383 ,7-

70 493 178 560 trium
196 495 388 561 Phalereum
410 518 476 559 esse
499 495 650 583 scripturn
667 498 868 563 contendant.
894 499 949 563 sed
965 501 1108 585 quounis
1132 500 1310 587 aequalium

72 602 303 667 nominarem
328 627 347 667 a
370 601 528 669 veteribus
554 603 587 668 in
612 603 699 670 libris
723 605 818 670 citata
847 606 919 681 siut,
951 614 1055 671 temen
1080 633 1118 672 ex
1142 609 1202 673 hoe
1227 633 1313 673 more

74 726 269 794 argumenta
291 716 401 775 contra
423 710 624 776 Demetrium
647 712 837 777 Phaloroum
861 713 975 778 (lucere
999 737 1173 780 caveamus
1242 722 1310 781 tum

76 815 164 881 nihil
187 840 227 881 ex
250 816 465 906 Artemonis¹)
489 818 784 883 commemoratione
809 820 865 905 (ἓξ
889 822 962 885 223.
988 829 1069 906 sqq.)
1093 829 1148 887 eut
1171 847 1226 910 pro
1248 824 1310 889 De·

77 929 194 989 metrio
218 924 373 990 Phalereo
397 931 452 991 aut
474 931 582 992 eontra
606 925 793 991 concludere
816 926 900 999 lieet,
926 928 1001 1013 quie
1017 928 1200 995 Artemonis
1224 937 1309 995 aetas

76 1029 190 1116 ignota
213 1038 269 1096 est.
294 1067 338 1077 -
360 1030 441 1095 nihil
464 1030 560 1097 etiam
583 1031 701 1115 inde²),
727 1033 812 1119 quod
842 1040 861 1114 ξ
886 1035 948 1097 237
975 1039 991 1100 ὁ
1020 1035 1182 1125 Γαὸηρείς
1220 1035 1310 1122 (sio.)

79 1137 208 1203 citatur.
254 1136 440 1203 exciderunt
462 1138 547 1203 euim
570 1138 707 1226 exempli
732 1139 821 1204 allati
846 1141 948 1215 verba,
974 1165 1089 1207 nomeu
1121 1142 1181 1207 hoc
1205 1144 1307 1207 solum

79 1246 238 1311 violatum
269 1252 375 1311 restat.
423 1246 507 1333 quod
535 1269 596 1332 quo
620 1247 712 1311 modo
735 1246 964 1312 restituendum
988 1248 1038 1326 sit,
1065 1250 1221 1316 haesitant
1244 1250 1304 1315 viri

78 1352 178 1418 docti.
203 1376 276 1417 uam
291 1362 494 1418 correxerunt
508 1359 564 1419 aut
579 1352 611 1417 iu
627 1354 797 1443 Φαληρεύς
809 1354 877 1436 (rr,
890 1354 998 1442 Bless)
1010 1362 1065 1422 aut
1080 1355 1114 1420 in
1130 1356 1306 1447 Γαδαρειῖς.

77 1461 162 1526 haee
194 1458 375 1526 coniectura
408 1459 531 1526 etiamsi
565 1460 753 1548 accipiatur,
789 1461 944 1527 nescimus
978 1468 1092 1535 tamen,
1127 1463 1183 1550 qui
1215 1466 1309 1530 honre

80 1566 272 1633 Gadarenus
293 1566 526 1653 intellegendus
549 1566 597 1635 sit.
643 1567 669 1632 si
699 1592 732 1633 re
764 1591 837 1633 vero
861 1568 1057 1647 Theodorus,
1093 1570 1146 1656 qui
1172 1571 1311 1658 Augusti

79 1680 187 1741 aetate
210 1675 341 1741 florebat
363 1676 463 1756 (huuc
480 1672 572 1755 Gale,
597 1676 751 1750 Muretus,
777 1675 952 1742 Schneider
976 1676 1196 1764 suspicantur),
1221 1677 1310 1744 libel-

78 1783 132 1847 lus
155 1780 322 1848 manifesto
356 1805 420 1847 non
456 1788 528 1847 ante
558 1784 618 1848 hoe
642 1790 764 1871 tempus
788 1784 922 1871 scriptus
946 1792 1007 1863 est;
1047 1785 1177 1851 forsitan
1202 1796 1307 1850 autem

80 1889 256 1979 Menippus
277 1889 334 1955 illo
346 1890 473 1956 nomine
496 1890 690 1977 significatus
714 1892 762 1957 sit.
779 1930 819 1940 -
832 1899 988 1979 postremo
1001 1891 1156 1957 Hannner
1185 1892 1308 1981 negat³)

80 2001 121 2064 ab
147 1996 313 2063 Demetrio
336 1998 501 2076 Phalerea,
532 1997 587 2085 qui
619 2022 742 2063 summa
765 1997 922 2064 scribendi
953 1998 1046 2064 leude
1079 1998 1217 2064 Athenis
1250 2000 1303 2064 flo-

81 2104 214 2184 ruisset,
239 2104 384 2171 adnotari
406 2105 554 2193 potuisse,
591 2129 653 2192 qua
684 2106 723 2171 dc
756 2129 850 2172 causa
882 2103 986 2170 Attici
1018 2115 1236 2195 ,1ημοσθένην
1277 2112 1310 2173 et

79 2213 261 2306 Σωκράτην
290 2212 396 2279 dicere
425 2214 558 2279 mallent
591 2237 684 2300 quam
718 2223 912 2302 Δημοςθένη
948 2221 979 2277 ot
1007 2217 1171 2303 Σωκράτη.
1221 2213 1305 2300 qued

52 2392 55 2397 ,
80 2345 138 2387 cur
161 2320 317 2386 Hammer
339 2326 532 2407 ueget‚'non
555 2320 714 2407 intellego.

111 2442 114 2447 '
190 2429 229 2494 da
260 2428 311 2494 his
344 2427 536 2515 argumentis
560 2427 722 2516 disputans
746 2426 887 2513 quamvis
911 2426 1075 2493 hiersium
1099 2432 1229 2493 secutus
1252 2427 1311 2493 sim

74 2542 173 2623 etque
195 2558 260 2601 une
293 2559 365 2601 cum
395 2559 431 2600 ee
461 2535 519 2601 illa
553 2535 674 2601 nullius
705 2535 857 2601 momenti
889 2560 955 2600 esse
980 2533 1168 2611 censuerim,
1205 2541 1312 2601 tamen

74 2667 162 2709 nuuc
198 2642 265 2709 eius
298 2650 403 2731 partes
444 2642 640 2731 derelinquo,
678 2667 749 2708 cum
784 2643 817 2707 in
849 2667 886 2708 ee
918 2651 1112 2730 argumenta,
1153 2666 1233 2728 quae
1256 2666 1311 2730 pro

75 2750 243 2817 Demetrio
255 2750 408 2815 Phalereo
431 2749 499 2838 ipse
522 2750 639 2825 attulit,
664 2749 890 2836 inquirendum
914 2750 964 2817 sit.
1013 2749 1084 2814 aliis
1109 2749 1193 2814 enim
1217 2774 1310 2837 argu·

75 2857 192 2924 mentis
207 2856 322 2924 Liersii
345 2858 434 2922 nulla
456 2880 556 2945 paene
572 2858 618 2923 vis
641 2857 723 2923 inest
746 2883 815 2924 meo
840 2858 968 2937 iudicio,
997 2857 1067 2922 aliis
1093 2856 1188 2923 etiam
1212 2858 1311 2946 ipsius

75 2964 235 3032 sententia
257 2965 447 3031 infirmatur.

186 3080 282 3161 atque
305 3079 525 3160 argumentum
557 3096 613 3160 pro
637 3072 801 3139 Demetrio
825 3073 980 3138 Phalereo
1011 3072 1102 3137 hiers
1133 3095 1172 3136 ex
1196 3073 1218 3160 ξ
1242 3073 1307 3137 245

75 3182 213 3268 ducit⁴),
237 3181 292 3248 ubi
314 3180 472 3269 legituur:
497 3182 517 3269 ἤ
544 3191 603 3250 νῦν
627 3196 810 3264 κατέχουσα
836 3181 990 3270 δεινότης,
1016 3180 1105 3245 euius
1130 3180 1310 3266 δεινότητος

75 3289 258 3377 exemplum
292 3312 332 3354 ex
363 3289 578 3354 Demosthene
613 3289 773 3376 repetitur.
822 3313 917 3375 quare
952 3288 1043 3353 Liers
1079 3294 1239 3352 auctorem
1276 3311 1308 3352 se

76 3397 243 3482 aequalem
266 3394 475 3461 Demostheni
506 3397 647 3483 profiteri
680 3396 864 3484 suspicatur,
899 3395 931 3460 id
962 3396 1045 3482 quod
1070 3394 1215 3482 equidem
1241 3419 1306 3458 non

76 3503 274 3571 crediderim.
287 3544 329 3551 —
342 3503 455 3569 deinde
471 3503 649 3583 terminum,
675 3511 854 3590 antequem
871 3504 997 3568 libellus
1014 3532 1048 3571 π.
1063 3509 1086 3570 ἑ.
1105 3501 1303 3589 conscriptus

74 3612 126 3689 sit,
162 3610 225 3677 sibi
256 3610 413 3677 iuvenisse
446 3610 625 3701 videtur⁵):
661 3611 793 3677 miratur
828 3611 920 3690 enim,
961 3611 1045 3697 quod
1080 3616 1188 3675 auctor
1228 3633 1304 3674 voec

74 3718 198 3812 τρόπος
226 3742 302 3785 usus
324 3742 389 3784 uon
412 3717 471 3800 sit;
504 3742 584 3805 quae
612 3743 674 3785 vox
698 3718 771 3805 quia
794 3743 812 3783 a
838 3718 989 3783 Tauriseo
1014 3741 1058 3782 oa.
1092 3716 1158 3782 On.
1184 3740 1300 3781 annum

75 3938 331 3947 -—-—.--—--.-.
336 3939 376 3944 -..-

186 4039 207 4107 ¹)
230 4040 315 4095 Wulz.
344 4056 458 4109 prooem.
489 4040 542 4094 Rh.
572 4040 619 4094 Gr.
639 4041 691 4109 IX,
721 4057 764 4109 lig.
795 4041 828 4095 V.
866 4041 998 4093 Hanuner
1026 4056 1069 4108 pg.
1091 4043 1185 4092 52-3.
1224 4038 1302 4091 Liers

72 4132 155 4187 Jhrb.
175 4130 196 4185 t.
218 4130 269 4183 Ph.
288 4146 332 4199 pg.
354 4132 484 4183 tre—11.

183 4218 207 4286 ²)
226 4218 357 4273 Hammer
375 4236 420 4288 pg.
440 4225 482 4273 56.
519 4219 597 4274 Liers
616 4220 696 4274 Jhrb.
718 4220 735 4272 f.
755 4221 805 4273 Ph.
826 4237 869 4288 pg.
892 4221 950 4272 711.

183 4308 206 4376 ³)
223 4309 355 4363 Hammer
372 4325 419 4378 pg.
438 4313 553 4362 55-56.

182 4398 206 4467 ⁴)
224 4397 303 4452 Iners
322 4398 384 4453 diss.
404 4414 449 4467 pg.
470 4403 511 4451 26.

183 4487 208 4558 ⁶)
226 4487 305 4543 Liers
323 4488 403 4545 Jhrb.
422 4488 441 4547 t,
461 4487 532 4543 Phil.
552 4503 596 4561 pg.
619 4490 677 4543 715.
