3278 5332
383 416 390 448 χ
805 364 848 373 -
893 315 937 392 α
982 365 1026 374 -

305 523 373 589 vel:
399 527 417 588 ὅ
442 523 535 607 ὄγκος
558 529 605 589 est
627 522 747 610 species
772 522 925 608 quaedam
949 531 1007 591 rori
1030 519 1176 616 ipasch
1221 546 1277 608 per
1305 521 1463 588 universa·
1479 543 1533 607 ge-

305 654 380 696 nera
402 628 578 695 litterarum
601 636 709 696 auctor
733 629 821 716 quasi
844 636 997 716 peragrat,
1025 636 1059 695 ut
1081 630 1226 716 exempla
1249 635 1321 717 apta
1344 628 1532 716 investiget,

306 760 408 824 neque
440 737 549 824 poesin
585 761 659 825 prae
696 736 835 801 oratione
870 760 961 824 prosa
996 736 1136 822 neglegit
1169 760 1272 823 neque
1306 740 1342 805 ad
1368 738 1535 829 γραφικόν

306 857 395 929 γένος
430 869 505 933 prae
540 844 695 911 rhetorica
718 850 793 909 arte.
841 851 877 910 ut
900 844 1021 930 aliquot
1052 868 1197 909 numeros
1222 845 1367 910 afferam:
1403 844 1534 932 po’e'tioa

306 961 380 1019 sunt
406 953 571 1038 exempla:
597 952 763 1019 XXVIII
786 976 823 1016 ex
848 952 999 1029 Homero,
1024 951 1116 1018 VIII
1140 976 1178 1016 ex
1205 951 1357 1039 Euripide
1381 950 1532 1040 repetita.

306 1059 462 1147 prosaica:
489 1060 506 1123 Ι
539 1083 578 1124 ex
602 1057 834 1144 Thuxydide,²)
870 1059 940 1125 Vll
973 1083 1012 1124 ex
1048 1059 1271 1145 Xenophonte,
1309 1059 1364 1123 XI
1387 1083 1428 1124 ex
1464 1058 1533 1124 He·

307 1167 426 1243 rodoto,
451 1167 581 1234 XVIII
603 1190 643 1232 ex
666 1167 808 1231 Platone.
845 1165 1022 1231 rhetorica:
1048 1165 1104 1230 XI
1127 1190 1165 1230 ex
1189 1166 1415 1233 Demosthene.
1463 1167 1533 1230 lon-

307 1299 383 1361 gum
407 1282 454 1340 est
476 1297 525 1340 res
549 1274 689 1360 singulas
713 1274 833 1348 afferre,
860 1273 973 1359 quibus
997 1273 1102 1361 opinio
1137 1279 1243 1338 nostra
1278 1273 1531 1338 demonstretur:

307 1404 408 1468 pauca
442 1380 588 1468 eligenda
621 1386 703 1445 suut.
751 1385 845 1466 atquc
880 1381 962 1445 inter
991 1379 1093 1446 fontes
1116 1379 1188 1444 illos
1213 1378 1360 1465 quinque,
1380 1403 1396 1444 e
1414 1379 1534 1465 quibus

308 1486 344 1555 ad
368 1488 454 1571 ὕψος
477 1489 563 1567 fluat,
596 1489 732 1553 secundo
768 1489 837 1552 loco
861 1488 897 1555 τό
923 1491 1063 1577 σφοδρὸν
1087 1501 1143 1556 καὶ
1168 1486 1443 1556 ἑνθουσιαστικόν
1467 1489 1533 1554 ποὶ·

309 1604 371 1674 θος
395 1595 484 1660 esti.
509 1619 535 1660 e.
561 1596 729 1659 vehemens
754 1603 785 1659 et
819 1593 968 1659 incitatus
992 1594 1131 1659 affectus.
1168 1593 1342 1658 necessario
1359 1592 1535 1659 arbitratur

310 1708 417 1767 auctor
440 1701 513 1767 libri
536 1704 572 1769 τό
598 1704 712 1781 πάθος
736 1700 769 1765 iu
792 1700 931 1766 fontibus
954 1711 1013 1770 τοῦ
1037 1701 1143 1793 ὕψους
1173 1701 1354 1788 ponendum
1386 1723 1456 1766 esse
1480 1724 1534 1767 ua

310 1829 371 1894 que
394 1832 468 1873 vero
491 1830 636 1894 parasse
671 1815 731 1875 rori
753 1806 872 1900 ὕψους.
921 1807 1106 1885 Caecilium,
1144 1809 1227 1892 quod
1261 1807 1342 1872 illud
1378 1806 1533 1882 omiserit,

309 1915 510 2003 reprehendit
533 1921 658 1980 auctor:
684 1920 753 1983 ἀλλ’
780 1925 810 1983 εἰ
829 1929 891 2003 μέν
915 1920 958 1996 οἷς
981 1923 1016 1984 ἕν
1039 1945 1069 1982 τι
1093 1917 1186 1984 ταῦτ’
1210 1916 1307 2002 ἄμφω
1329 1918 1422 1983 τότε
1445 1917 1536 2012 depos

311 2037 367 2092 καὶ
402 2026 438 2091 cd
475 2022 669 2112 παθητικὸν
702 2037 759 2091 καῖ
793 2024 903 2103 ἔδοξεν
938 2029 1030 2116 αὐτῷ
1066 2026 1176 2112 πάντη
1216 2021 1439 2113 συνυπάρχειν
1474 2038 1536 2093 καὶ

312 2142 566 2219 συμπεφυκέναι,
592 2134 820 2222 διαμαρτάνει.
869 2155 964 2217 quare
988 2133 1026 2196 ab
1051 2138 1176 2196 auctore
1201 2127 1339 2195 oratores
1362 2129 1537 2197 affectibus

312 2238 508 2304 abundantes
543 2242 590 2319 (ut
613 2237 859 2325 Demosthenes)
893 2237 1084 2325 exemplaria
1118 2247 1175 2307 τοῦ
1197 2235 1306 2330 ὕψους
1341 2234 1536 2320 censentur;

311 2368 413 2431 neque
437 2368 509 2410 vero
533 2345 592 2410 soli
615 2353 752 2410 oratores
786 2346 946 2433 pathetioi‚
981 2346 1036 2411 sed
1059 2345 1154 2411 etiam
1177 2345 1342 2432 scriptores
1366 2344 1538 2411 affectibus

312 2452 438 2517 omnino
462 2458 602 2517 carentes
626 2457 673 2534 (ut
696 2453 812 2537 Plato).
860 2477 932 2517 narn
956 2477 1011 2518 suo
1035 2453 1103 2517 iure
1120 2432 1536 2531 Demosthencs'laudatur,

313 2560 368 2646 qui
392 2559 576 2625 Ciceronem
607 2559 770 2624 affectibus
806 2561 899 2646 longe
922 2566 1065 2647 superet;
1083 2559 1106 2643 ³)
1139 2559 1276 2626 citantur
1306 2559 1540 2626 Demosthenis

313 2669 466 2755 exempla,
491 2673 527 2732 ut
550 2666 661 2732 tertius
674 2666 697 2755 4)
723 2672 755 2732 et
778 2676 908 2752 quartus
931 2667 999 2732 fons
1023 2667 1226 2734 sublimitatis
1250 2665 1436 2754 (figurarum
1467 2690 1540 2733 oon·
1567 2703 1572 2707 ·

312 2774 458 2841 sonnatio
483 2781 515 2841 et
549 2773 695 2862 elocutio)
732 2774 806 2840 satis
841 2774 1046 2842 illustrentur.
1094 2776 1149 2841 sed
1172 2775 1262 2839 iuxta
1283 2774 1541 2841 Demosthenem

316 2994 632 3002 ——-——-—-

422 3131 443 3202 ¹)
461 3133 572 3205 VH1,3
601 3133 673 3204 παρά
705 3153 737 3204 γε
767 3132 823 3205 μην
854 3138 908 3192 τοῖς
936 3131 1043 3205 ῥήτορσι,
1072 3132 1104 3185 ττὶ
1133 3130 1255 3204 ἐγκώμια
1284 3133 1328 3184 καὶ
1354 3129 1385 3183 πὶ
1411 3131 1543 3203 neptam*

314 3225 359 3276 καὶ
378 3221 538 3276 ε’πιδεικτικα
557 3221 602 3275 τὸν
620 3224 671 3295 μὲν
689 3221 771 3293 ὄγκον
792 3220 884 3274 καὶτὸ
906 3220 1009 3289 ὑψηλόν
1029 3223 1055 3283 ἐξ
1074 3220 1193 3280 ἅπτοντος
1220 3227 1344 3291 περιέχει,
1372 3219 1484 3281 πάθους
1513 3222 1555 3274 dd·

311 3311 420 3386 χηρεύει
439 3310 504 3364 κατα
523 3310 550 3363 τὸ
570 3313 688 3364 πλεῖστον
707 3310 773 3364 ὅθεν
792 3310 885 3377 ἥκιστα
905 3319 957 3364 τών
976 3309 1097 3381 ῥητόρων
1116 3315 1141 3362 οἱ
1158 3314 1316 3381 περιπαθεῖς
1331 3312 1545 3382 ἐγκωμιαστικσὶ

315 3402 333 3468 ἢ
351 3404 468 3475 ἔμπαλιν
486 3405 511 3453 οἱ
529 3403 686 3454 ἒπαινετικοὶ
706 3406 873 3472 περιπαθεῖς.
913 3403 982 3469 XII,
994 3407 1024 3455 l:
1045 3399 1058 3451 ὁ
1079 3403 1109 3453 δὲ
1127 3398 1262 3460 καθεστώς
1281 3401 1310 3452 ἐν
1329 3398 1412 3472 ὄγκῳ.
1440 3401 1544 3472 XV‚1:

317 3490 398 3562 ὄγκου
418 3494 461 3543 καὶ
473 3492 673 3561 μεγαληγορίας
687 3493 731 3543 καὶ
750 3489 857 3561 ἀγῶνος
876 3493 918 3544 ἐπὶ
936 3490 1035 3550 τούτοις
1053 3494 1097 3544 καὶ
1116 3495 1146 3544 αἱ
1165 3499 1310 3562 φαντασίαι
1325 3506 1545 3559 παρασκευαστι-

316 3579 444 3637 κώταται,
481 3579 619 3648 XXXI,3
648 3578 713 3650 πρὸς
732 3578 815 3650 ὄγκον
833 3600 857 3633 τε
877 3582 920 3632 καὶ
939 3579 1043 3651 α’ξίωμα
1063 3583 1109 3632 καὶ
1127 3579 1202 3648 ὕψος·

424 3686 446 3756 ²)
464 3687 562 3742 mirum
581 3687 651 3742 forte
669 3687 779 3742 videtur
797 3688 983 3756 Thucydidem
1001 3693 1143 3755 tantopere
1161 3687 1278 3758 neglegi.
1317 3687 1364 3741 sed
1386 3694 1545 3758 temporum

317 3778 425 3832 illorum
444 3793 536 3830 sensus
555 3776 687 3831 delicatus
706 3777 798 3831 stilum
817 3778 892 3831 illius
910 3779 1035 3832 acerbum
1054 3783 1082 3830 et
1100 3793 1223 3845 asperum
1245 3777 1416 3844 repudiabat.
1448 3785 1546 3835 notum

319 3872 368 3937 est,
390 3882 443 3933 qua
462 3865 609 3920 acerbitate
628 3865 741 3934 Dionys.
761 3867 825 3920 Hal.
846 3866 1011 3933 Thucydidis
1038 3867 1214 3920 elocutionem
1233 3865 1371 3933 vituperet
1398 3867 1430 3922 iu
1450 3869 1546 3925 libello

319 3959 352 4011 de
371 3957 454 4009 Thac.
475 3955 536 4009 hist.
556 3955 611 4009 iud.

426 4062 446 4130 ³)
464 4081 491 4118 π,
511 4060 558 4128 dp.
598 4063 666 4133 XII,
678 4068 754 4117 3-5.
792 4064 884 4132 magni
903 4063 1032 4116 momenti
1051 4063 1094 4116 hic
1114 4063 1187 4116 loeus
1206 4067 1254 4132 est,
1274 4062 1344 4128 quod
1362 4063 1548 4121 Demostheni

320 4168 372 4205 non
392 4153 469 4205 modo
488 4151 604 4218 impetus
624 4159 651 4205 et
670 4153 849 4220 vehementia,
869 4152 961 4218 quales
972 4151 1000 4204 in
1019 4152 1105 4206 formo
1123 4152 1167 4205 IV
1186 4152 1287 4220 insunt,
1306 4151 1481 4225 tribuuntur,
1500 4156 1548 4210 sed

321 4241 403 4294 etiarn
423 4241 493 4307 quod
512 4246 605 4295 auctor
623 4239 670 4306 την
689 4240 822 4307 δεινότητα
842 4247 869 4295 et
888 4239 937 4304 τήν
957 4242 1079 4292 δείνωσιν
1099 4272 1131 4280 -
1152 4241 1194 4295 hIs
1213 4241 1284 4295 enim
1309 4240 1469 4298 nominibus
1496 4244 1549 4300 uti·

320 4336 367 4384 tur
386 4361 417 4368 -
438 4329 496 4383 eius
514 4330 577 4383 stilo
596 4329 682 4383 inesse
703 4330 777 4384 dicit.

429 4436 448 4504 ⁴)
467 4444 586 4491 extrema
606 4438 687 4491 verba
706 4438 786 4491 huius
806 4437 955 4505 particulae
976 4445 1052 4497 sunt:
1072 4436 1161 4497 πάθος
1180 4439 1210 4490 δὲ
1228 4434 1314 4504 ὕψους
1331 4445 1443 4511 μετέχει
1461 4451 1538 4497 rocos·

322 4547 377 4589 τον,
400 4525 462 4579 ὅσον
480 4522 548 4592 ἦθος
567 4524 672 4599 ἡδονῆς,
