3278 5332
703 330 923 402 ..ld-.-

201 538 278 610 tum,
304 535 389 621 qnod
412 533 652 598 fundamentum
677 557 739 598 non
773 535 848 601 satis
881 535 1016 602 solidum
1050 539 1146 623 puto).
1195 549 1289 623 atque
1322 536 1433 602 minus

199 648 321 708 rectum
344 647 400 720 est,
426 641 510 727 quod
534 639 734 706 Demetrium
770 642 909 729 aliquem
944 651 1016 708 ante
1051 645 1110 708 hos
1146 643 1296 708 terminos
1339 644 1433 731 quasi

200 747 337 814 excitare
374 747 497 826 studet,
537 747 588 812 cui
626 747 771 813 libellum
810 777 845 817 π.
895 756 920 817 ἑ.
967 749 1094 815 tribuat.
1143 774 1205 836 qua
1258 751 1293 816 in
1339 776 1432 838 argu·

200 855 394 922 mentatione
417 878 520 941 neque
542 859 631 920 tanta
667 856 836 922 auctoritas
871 856 962 935 inest,
987 864 1023 923 ut
1057 856 1233 923 consentire
1269 882 1430 945 cogamur,

201 967 233 1029 et
255 963 411 1028 accedunt
435 968 544 1027 contra
567 961 776 1027 Hammerum
800 971 985 1050 argumenta
1015 964 1206 1050 gravissima,
1233 987 1313 1050 quae
1344 990 1432 1031 nunc

199 1070 233 1134 in
258 1069 398 1135 medium
422 1068 577 1156 proferam
602 1068 781 1155 quibusque
804 1069 837 1134 in
861 1070 1055 1158 explicandis
1078 1073 1160 1135 hanc
1184 1073 1313 1137 alteram
1339 1097 1431 1160 opus·

199 1177 264 1242 culi
291 1184 604 1264 partemconsumam.
658 1201 732 1240 narn
767 1200 854 1254 curn,
892 1200 972 1263 quae
1006 1178 1073 1265 ipse
1109 1178 1209 1244 sentio
1245 1178 1284 1244 de
1321 1186 1429 1246 aetate

200 1283 302 1350 libelli
327 1312 362 1352 π.
387 1289 424 1362 rt,
450 1285 580 1370 probare
604 1282 723 1358 moliar,
749 1283 844 1348 simul
867 1284 1032 1349 Hammeri
1056 1285 1161 1372 opinio
1185 1285 1372 1351 infirmatur.

308 1413 402 1476 quam
427 1391 507 1456 dabo
532 1389 730 1468 sententiam,
755 1415 819 1455 non
843 1416 924 1456 nova
948 1398 1004 1470 est,
1030 1393 1083 1457 sed
1109 1391 1216 1458 aviris
1233 1393 1334 1458 doctis
1352 1405 1427 1460 ante

200 1497 264 1563 iarn
287 1497 420 1564 strictim
443 1498 573 1585 prolata,
599 1519 693 1583 quam
709 1522 793 1562 nuno
810 1497 911 1564 fusius
928 1501 1112 1564 confirmare
1128 1501 1276 1580 studebo;
1295 1502 1432 1567 arbitror

201 1605 294 1683 enim,
320 1611 356 1671 ut
391 1628 486 1692 supra
522 1603 598 1683 dixi,
635 1604 779 1670 libellum
804 1635 839 1674 rr.
864 1613 888 1674 ἑ.
913 1606 1004 1672 initio
1040 1607 1158 1672 sacculi
1193 1607 1322 1673 alterius
1358 1617 1432 1696 post

201 1711 363 1779 Christum
386 1719 496 1778 natum
520 1735 586 1777 esse
615 1712 830 1799 compositum.

307 1827 401 1906 atque
438 1843 477 1885 ex
512 1819 648 1885 nominis
672 1819 841 1885 traditione
873 1821 1008 1886 auctoris
1041 1821 1116 1907 quia
1138 1822 1346 1889 incertissima
1371 1838 1428 1904 est,

201 1927 396 1994 coniecturas
414 1928 452 1993 de
476 1933 579 1992 aetate
603 1926 705 1993 libelli
720 1927 823 1992 facere
840 1926 960 1993 omitto.
997 1950 1100 2014 neque
1115 1929 1151 1994 si
1173 1929 1308 2018 speciem
1333 1953 1430 2017 quan·

201 2037 273 2102 dam
295 2034 431 2101 auctoris
466 2059 505 2099 ex
536 2034 645 2101 libello
674 2034 742 2123 ipso
775 2037 865 2121 quasi
899 2036 1077 2123 colligimus
1107 2042 1201 2122 atque
1237 2039 1427 2125 effingimus,

201 2144 373 2230 quidquam
397 2142 473 2208 certi
497 2143 536 2208 de
560 2148 663 2208 aetate
686 2142 823 2208 hominis
847 2142 931 2208 effici
954 2167 1044 2230 posse
1068 2167 1166 2231 spero.

306 2270 377 2357 plus
400 2268 608 2356 proficiemus
632 2268 658 2333 si
681 2268 723 2344 id,
749 2268 920 2355 quodiam
945 2269 1035 2335 Liers
1060 2278 1092 2335 et
1115 2270 1267 2336 Hammer
1291 2273 1430 2358 aggressi
1466 2352 1468 2357 Ι

200 2384 283 2456 sunt,
308 2382 444 2442 aetatem
476 2382 711 2464 praeceptorum
743 2376 852 2441 libello
885 2400 1101 2464 expressorum
1126 2378 1316 2445 constituere
1339 2381 1428 2445 moli-

201 2508 279 2550 mur.
326 2507 362 2548 ac
395 2483 503 2549 libello
533 2489 599 2549 toto
623 2483 742 2548 formae
764 2482 839 2547 illae
868 2488 1002 2567 quatuor
1037 2484 1162 2549 dicendi
1195 2485 1429 2568 discribuntur;

200 2612 281 2678 quae
292 2589 447 2678 prioribus
464 2590 604 2658 XXXV
627 2589 829 2677 paragraphis
847 2589 1053 2676 explicantur,
1077 2599 1222 2680 utsupra
1239 2617 1428 2659 commemo·

202 2698 279 2777 ravi,
303 2697 384 2763 nihil
397 2696 545 2764 videntur
556 2696 617 2762 nisi
629 2695 901 2761 exordium-nimis
924 2699 1064 2784 amplum
1090 2721 1192 2784 neque
1205 2706 1312 2765 tamen
1335 2701 1423 2766 suffi-

201 2806 295 2872 ciens.
309 2804 450 2892 quaestio
462 2828 536 2892 ergo
548 2806 634 2880 haec,
650 2826 730 2889 quae
746 2804 786 2868 ad
798 2810 965 2891 praecepta
977 2804 1086 2871 libello
1102 2830 1247 2894 expressa
1261 2810 1427 2895 spectabit,

200 2913 233 2978 in
265 2912 373 2979 formis
405 2911 532 2977 dicendi
563 2911 734 2977 tractandis
757 2910 925 2998 praecipue
959 2911 1143 2978 versabitur.
1191 2935 1324 2999 quarum
1361 2915 1427 2980 vim

201 3028 409 3106 naturamque
425 3025 460 3084 ut
475 3018 699 3107 perspiciamus
716 3026 810 3103 atque
835 3024 869 3083 ut
884 3041 1153 3105 recognoscamus,
1179 3021 1234 3085 ubi
1249 3027 1429 3108 temporum

202 3128 328 3194 libellus
351 3155 386 3196 rr.
411 3131 436 3194 ἑ.
462 3125 663 3192 collocandus
688 3124 736 3198 sit,
763 3124 919 3212 oportebit
930 3124 1100 3190 formarum
1123 3127 1215 3192 initia
1237 3130 1384 3215 persequi
1398 3139 1430 3197 et

202 3234 292 3322 quasi
313 3257 475 3322 processus
499 3233 675 3319 anquirere.
708 3231 846 3297 difficilis
881 3239 986 3298 autem
1009 3257 1058 3298 res
1083 3240 1139 3313 est,
1164 3234 1312 3320 quoniam
1335 3238 1429 3324 pauci

201 3342 275 3408 libri
306 3347 423 3420 extant,
455 3341 488 3404 in
521 3339 634 3426 quibus
667 3338 838 3405 deformis
863 3341 958 3405 rerba
987 3341 1077 3406 fiunt.
1125 3340 1238 3407 deinde
1270 3343 1427 3432 principia

202 3450 371 3515 formarum
394 3448 428 3513 in
451 3450 582 3514 obscuro
599 3447 701 3534 posita
723 3454 797 3513 sunt
812 3446 992 3534 formaeque
1014 3447 1110 3535 ipsae,
1136 3455 1302 3536 postquam
1325 3452 1429 3517 excoli

202 3567 331 3645 coeptae
354 3562 437 3635 sunt,
462 3555 515 3621 vix
538 3559 749 3620 commutatae
773 3554 920 3620 videntur
944 3578 1010 3620 esse
1026 3579 1082 3642 per
1105 3562 1283 3643 temporum
1306 3558 1427 3644 spatia;

203 3666 289 3731 velut
312 3664 430 3729 formae
454 3665 492 3728 ab
510 3661 708 3747 Quintiliano
733 3661 906 3750 descriptae
931 3664 969 3728 ab
994 3661 1047 3738 iis,
1081 3684 1157 3749 quas
1182 3663 1292 3729 Cicero
1316 3666 1426 3747 habet,

202 3796 302 3861 paene
332 3769 414 3836 nihil
446 3771 623 3836 abhorrent.
649 3807 691 3815 —
718 3774 814 3855 atque
836 3768 874 3844 is,
899 3769 954 3855 qui
989 3767 1103 3835 formas
1126 3769 1245 3857 primus
1277 3770 1427 3851 instituit,

203 3880 455 3968 Theophrastus
488 3883 593 3942 utrum
624 3882 783 3942 oratorum
814 3877 905 3941 modo
935 3876 1130 3943 diversitates
1170 3879 1339 3962 eloquendi
1371 3880 1423 3947 his

203 3987 309 4053 formis
324 3987 535 4052 internoscere
552 3984 687 4050 voluerit
710 4008 751 4049 au
766 3984 912 4050 univorsa
936 3983 1115 4050 distinxerit
1129 3984 1289 4051 literarum
1309 3986 1424 4066 studia,

204 4093 343 4161 dubitari
372 4098 493 4181 potest:
527 4115 601 4156 nam
634 4091 673 4156 de
705 4090 951 4178 Theophrasteis
985 4089 1091 4156 formis
1115 4091 1303 4179 paucissima
1336 4094 1429 4159 nobis

203 4203 379 4268 traduntur.
428 4197 634 4264 Aristotelem
657 4222 732 4263 sane
755 4189 881 4264 videtur
903 4204 1028 4264 secutus
1053 4198 1202 4285 assequi
1225 4199 1428 4266 contionibus

203 4334 237 4375 re
260 4305 473 4391 verahabitis
495 4290 604 4394 parum
629 4305 704 4373 artis
726 4305 828 4371 inesse
852 4311 937 4371 ratus
971 4304 1070 4392 pluris
1105 4305 1141 4373 τὸ
1178 4307 1429 4390 α’ναγνωστικόν

204 4417 267 4499 (vel
301 4416 477 4504 γραφικόν)
512 4427 604 4498 γένος
639 4412 834 4480 aestimabat.
882 4434 978 4498 quare
1010 4413 1247 4499 Theophrastns
1271 4411 1428 4501 Gorgiam

106 4576 112 4581 .
204 4522 379 4612 principem
402 4520 525 4608 generis
548 4520 712 4607 magnifici
734 4521 871 4586 habebat
895 4543 970 4585 esse.
1019 4519 1133 4584 deinde
1164 4521 1338 4586 Isocratem
1362 4522 1430 4589 lau·
