3278 5332
784 362 1007 433 —20—

288 564 454 653 peculiaris
479 564 709 631 Demosthenis.
757 588 817 627 non
842 586 913 629 suas
938 563 1075 651 proprias
1098 565 1194 629 habet
1218 572 1308 630 notas
1332 574 1387 632 aut
1422 592 1513 633 orna

287 690 403 751 menta,
428 674 541 759 quibus
564 679 685 739 ceterae
708 672 825 737 formae
849 677 982 749 careant,
1008 672 1063 736 sed
1087 672 1228 737 omnium
1244 697 1351 738 omnes
1369 673 1513 741 virtutes

287 780 436 845 continet.
483 780 655 867 Dionysius
678 777 761 843 enim
785 777 919 843 ostendit
955 803 1062 843 omnes
1097 803 1149 844 eos
1183 779 1358 867 scriptores,
1383 782 1441 867 qui
1476 781 1514 847 in

287 885 394 952 tamis
419 886 484 951 teis
508 887 607 952 tribus
630 886 760 973 singulis
783 885 918 950 maxime
942 885 1140 965 eminuerint‚
1167 911 1185 951 a
1208 888 1424 955 Demosthene
1461 914 1511 956 ae-

287 992 446 1083 quiparari
468 993 502 1058 in
517 1018 575 1059 sua
590 993 720 1079 quisque
744 994 855 1071 lbrma;
881 992 1043 1057 inferiores
1068 993 1163 1058 ctiam
1187 1018 1252 1059 csse
1277 995 1510 1075 Demosthene,

287 1102 371 1187 qued
394 1101 446 1166 hie
470 1102 502 1165 in
527 1101 669 1165 omnibus
703 1099 809 1164 formis
845 1100 936 1164 cedat
972 1101 1098 1178 nemini,
1124 1101 1172 1165 illi
1209 1101 1241 1165 in
1276 1126 1339 1167 nna
1374 1103 1511 1190 quisquc

287 1206 388 1273 forma
411 1210 577 1273 excellant.
617 1207 729 1271 deinde
745 1206 975 1273 Demosthenes
992 1207 1213 1293 Thucydidem
1235 1208 1351 1273 idcirco
1368 1220 1509 1297 superat,

286 1316 371 1401 qnod
395 1316 435 1380 ad
458 1315 567 1380 stilum
589 1313 739 1400 grandem
762 1312 868 1377 affert:
893 1314 1148 1400 perspicuitatem
1172 1316 1263 1383 etad
1289 1320 1395 1393 δεινος
1420 1322 1510 1386 εἶναι

287 1426 402 1493 δοκεῖν.
429 1424 479 1509 ἔφ’
504 1418 534 1514 οἷ
555 1421 696 1509 μάλιστα
722 1435 875 1507 μαίνεται
899 1420 1104 1500 σπουδάζειν.
1153 1431 1276 1509 praeter
1292 1423 1424 1490 virtutes
1448 1425 1508 1490 lor-

288 1552 356 1594 mns
379 1529 493 1608 tenuis,
519 1554 611 1616 quam
635 1526 746 1614 Lysias
773 1526 925 1613 Dionysio
949 1528 1065 1593 arbitro
1093 1529 1234 1616 perfecit,
1267 1531 1507 1598 Demosthenes

285 1638 399 1701 babet:
425 1637 486 1724 τὴν
509 1640 763 1725 περιττολογίαν,
788 1635 848 1722 τήν
871 1639 1059 1724 ἐξαλλαγήν
1082 1650 1138 1703 καὶ
1174 1637 1304 1715 πάντας
1328 1642 1401 1720 τούς
1439 1642 1508 1708 ε’πι-

287 1752 404 1825 derare
426 1746 572 1829 κόσμους.
620 1741 733 1806 deinde
757 1741 793 1808 το
818 1752 959 1829 μέγεθος
975 1757 1030 1811 καὶ
1047 1744 1105 1813 τὸν
1129 1744 1233 1823 τόνον,
1253 1749 1288 1813 τὸ
1307 1750 1418 1838 βάρος,
1447 1751 1511 1835 τήν

286 1855 515 1945 στρυφνότητα.
553 1856 589 1920 τό
627 1866 823 1941 πικραίνειν.
873 1851 964 1916 tertia
1002 1851 1102 1916 forma
1126 1853 1319 1940 Dionysiaca
1354 1878 1416 1918 non
1458 1864 1510 1921 est·

285 1982 332 2035 ea,
357 1984 452 2047 quam
476 1962 580 2026 rhetor
603 1961 643 2024 ad
666 1958 864 2024 Herennium
889 1968 944 2023 aut
960 1958 1071 2024 Cicero
1095 1961 1221 2039 habent,
1247 1962 1302 2026 sed
1327 1967 1373 2026 est
1402 1986 1508 2027 ncom-

286 2066 386 2133 mixta
409 2091 449 2132 ex
472 2066 638 2131 virtutibus
663 2073 836 2131 ceterarum
861 2066 1023 2130 domurn«
1074 2092 1168 2153 quarn
1191 2068 1312 2134 iudicat
1327 2068 1509 2155 Dionysius

286 2175 452 2242 Platonem
489 2181 520 2239 et
562 2174 732 2238 Isocratem
777 2173 967 2259 praestitisse
1012 2198 1113 2261 neque
1164 2200 1235 2240 vero
1274 2176 1504 2262 perfectissime

285 2282 451 2347 Platonem
489 2280 572 2346 enim
606 2280 737 2345 virtutes
770 2281 903 2366 grandes
935 2306 998 2345 non
1032 2288 1189 2369 praestare
1222 2290 1384 2371 perfecte,
1425 2308 1508 2370 quas

285 2388 360 2475 qnia
397 2389 624 2455 Demosthenes
662 2389 808 2461 haberet,
845 2389 972 2453 Platoni
1012 2391 1196 2456 antecedere
1235 2414 1316 2456 eum.
1364 2390 1398 2454 in
1439 2392 1508 2457 Iso-

285 2504 370 2561 crate
393 2496 513 2583 aliquot
536 2496 613 2560 vitia
629 2494 753 2560 dicendi
770 2519 849 2561 esse:
876 2520 1029 2561 comesse
1051 2494 1200 2587 ἄμετρον,
1222 2498 1338 2568 ὕπτιον
1354 2512 1410 2566 καὶ
1427 2502 1512 2569 ἐπα·

285 2603 432 2687 γιογικόν,
459 2605 601 2689 ἄτολμον
624 2616 698 2693 περὶ
714 2605 773 2683 τας
797 2603 954 2693 τροιτικτλς
976 2609 1085 2683 λέξεις,
1108 2608 1264 2698 ψοφοδεῆ,
1284 2606 1365 2675 ἄνευ
1396 2605 1513 2677 τόνων

289 2712 465 2802 κραταιῶν,
491 2719 677 2779 παθαίνειν
701 2714 739 2778 οὐ
764 2713 940 2787 δύνασθαι,
966 2736 1029 2776 uon
1054 2736 1121 2777 csse
1145 2716 1336 2804 στρογγύλον
1359 2727 1414 2781 καὶ
1441 2739 1513 2799 συγ·
1606 2780 1613 2799 ,

287 2831 526 2911 κεκροτημένον.
575 2824 681 2882 eontra
712 2816 761 2880 his
795 2817 942 2882 laudibus
965 2818 1214 2883 Demosthenem
1238 2842 1304 2883 esse
1327 2819 1509 2905 insignem:

287 2926 421 2992 existere
444 2927 666 3013 εὐγενέστερον
691 2938 746 2992 καὶ
770 2930 1121 3017 μεγαλοπρεπέστερον,
1149 2935 1429 3015 συγκεκροτῆσθαι
1451 2943 1511 2997 καῖ

288 3042 596 3125 aspernamentum
645 3031 745 3096 inesse
769 3031 801 3094 in
826 3056 862 3096 ee
886 3034 977 3119 ἰσχύν
1001 3037 1137 3101 πλείονα
1171 3047 1227 3102 καὶ
1262 3033 1376 3114 τόνους
1399 3037 1510 3127 ἐμβρι-

289 3150 476 3232 θεστέροτις;
514 3138 621 3224 fugere
646 3144 677 3202 ct
700 3137 817 3203 evitare
841 3162 911 3203 cum
935 3142 972 3205 τό
1002 3139 1129 3233 ψυχρόν
1152 3154 1208 3208 καὶ
1232 3138 1275 3207 τοτ’
1308 3145 1511 3232 μειρακιώδη

289 3246 462 3335 οχῆματα;
510 3245 658 3309 adbibere
692 3247 727 3311 τὸ
754 3245 953 3336 δραστήριον,
978 3249 1014 3313 ro*
1050 3249 1239 3330 ἐναγώνιον,
1266 3248 1302 3315 το
1336 3251 1509 3335 ἐμπαθές.

289 3353 629 3421 deindeDemothcncs
653 3351 783 3417 virtutes
800 3353 950 3438 quasdam
968 3353 1080 3419 melius
1092 3354 1265 3429 adhibet,
1291 3379 1421 3442 nempe:
1447 3354 1511 3443 τήν

289 3464 462 3539 ποικιλίαν,
489 3460 549 3547 τήν
574 3473 779 3547 συμμετρίαν,
805 3459 865 3547 τήν
888 3465 1066 3551 εὐκαιρίαν,
1093 3485 1224 3546 quorum
1249 3486 1309 3527 usu
1334 3463 1512 3530 Isocratem

289 3567 394 3635 vineit.
441 3573 507 3632 tum
531 3590 605 3654 prae
619 3589 652 3631 se
664 3565 733 3644 fert,
760 3567 888 3652 quaein
905 3568 1049 3633 omnibus
1066 3568 1191 3633 dicendi
1207 3568 1314 3634 formis
1331 3572 1512 3637 necessaria

288 3681 375 3743 sunt:
400 3672 460 3760 τήν
484 3677 674 3761 σαφήνειαν,
700 3677 737 3741 τό
762 3677 881 3745 κοινόν.
908 3674 1036 3761 (quibus
1061 3676 1257 3763 Thucydidis
1281 3677 1510 3745 obscuritatem

288 3782 435 3871 superat),
460 3784 496 3848 ad
521 3793 656 3872 πρέπον,
683 3782 701 3848 ὃ
724 3791 789 3849 τῶν
812 3782 941 3873 ἄστρων
967 3786 1079 3874 ψαύει.
1126 3790 1173 3849 tot
1202 3784 1360 3870 tantisque
1385 3784 1512 3853 virtuti·

289 3891 346 3955 bus
370 3889 615 3953 Demosthenem
641 3912 707 3953 esse
732 3888 920 3954 instructum
944 3890 1117 3977 Dionysius
1142 3892 1343 3970 demonstrat,
1369 3900 1406 3957 ut
1436 3918 1512 3961 eum

290 3994 433 4063 omnibus
456 3996 549 4078 longe
573 3994 728 4081 praeferat
751 4002 844 4082 atque
868 3998 962 4061 laude
985 3997 1102 4083 insigni
1126 3999 1286 4064 celebrans
1302 3999 1420 4065 illustri
1438 4002 1511 4067 loce

290 4126 360 4169 enm
383 4108 486 4183 ponat.
534 4125 607 4165 nam
631 4103 700 4188 quis
724 4104 885 4168 nonsatis
909 4104 1018 4169 fecisse
1034 4105 1225 4191 Dionysium
1248 4113 1382 4193 putaret,
1407 4107 1436 4171 si
1462 4109 1510 4175 in·
1586 4106 1589 4111 ’

293 4208 421 4277 dicasset
446 4208 689 4274 Demosthenem
714 4210 883 4275 absolvisse
907 4211 1038 4275 fonnem
1061 4212 1147 4277 illam
1174 4213 1405 4288 envirtutibns
1429 4223 1514 4283 cete-

296 4336 391 4385 rarum
414 4314 571 4384 mixtam?
597 4342 691 4402 murm
726 4318 851 4381 laudem
876 4318 930 4403 qui
965 4319 1093 4407 aceepit.
1120 4321 1158 4384 ad
1195 4321 1346 4386 maiorem
1380 4321 1515 4391 dicendi

296 4418 419 4513 gloriam
445 4423 496 4485 vix
521 4425 684 4510 peruenire
708 4431 820 4511 potest,
845 4449 916 4489 uam
934 4426 966 4489 in
983 4450 1104 4491 summa
1120 4429 1219 4492 forma
1234 4430 1352 4515 primus
1369 4432 1512 4500 excellit.

295 4540 393 4597 tamen
417 4530 591 4615 Dionysius
615 4533 675 4595 hoc
699 4556 762 4595 non
785 4531 860 4597 satis
885 4557 950 4598 esse
975 4536 1129 4612 censebat,
1154 4536 1210 4600 sed
1234 4536 1323 4600 aliud
1357 4536 1515 4622 quiddam
