3278 5332
717 315 916 401 ..η’-

200 517 352 602 arbitrum
386 533 478 598 illum
509 533 636 621 quidem
668 531 897 619 gravissimum,
923 529 1015 596 video
1039 529 1205 595 Hammeri
1236 529 1429 595 sententiam

200 649 342 708 secutum
377 664 444 706 esse
463 640 497 729 ¹).
545 641 571 706 si
605 647 675 728 post
710 641 805 705 talem
840 639 950 716 virum,
987 638 1064 724 quid
1088 627 1232 724 equidem
1274 637 1427 713 indicem,

200 748 339 838 profiteri
369 748 459 813 licet:
492 748 571 812 mihi
601 755 711 813 neuter
744 746 906 834 persuasit,
941 753 977 811 ut
1000 770 1121 833 sequar.
1169 770 1231 833 qua
1268 746 1307 809 dc
1332 768 1429 809 eausa

203 880 271 922 rem
296 856 399 921 denuo
422 861 555 921 tractare
580 855 712 920 audebo.

308 1024 450 1104 oportere
478 1024 584 1082 autem
619 1039 729 1081 censeo
767 1016 805 1080 de
831 1014 967 1079 virorum
1000 1015 1128 1080 illorum
1153 1014 1429 1080 dissertationibus

202 1124 345 1189 doctrina
368 1122 560 1209 scientiaque
596 1122 717 1188 refertis
750 1121 911 1209 disputare
946 1134 1040 1208 atque
1074 1121 1242 1208 inquirere,
1279 1122 1353 1208 quid
1389 1123 1429 1186 do

203 1255 312 1296 eorum
336 1231 528 1318 argumentis
551 1229 756 1294 iudicandum
777 1228 826 1294 sit.
875 1228 1013 1294 officium
1038 1229 1151 1294 deinde
1183 1228 1308 1294 videtur
1331 1229 1429 1315 expli·

204 1362 282 1415 aare,
310 1337 364 1424 qui
395 1338 543 1413 evenerit,
568 1343 604 1402 ut
640 1337 731 1402 ambo
767 1359 806 1401 ex
840 1337 1032 1422 argumentis
1066 1336 1162 1401 iidem
1197 1336 1282 1400 varia
1309 1336 1430 1400 iudicia

204 1445 360 1511 duxerint.
407 1445 499 1510 Liers
523 1444 606 1509 enim
619 1442 818 1509 Demetrium
834 1444 1025 1508 Phalereum
1049 1460 1207 1509 auctorem
1231 1450 1330 1530 putat,
1356 1468 1429 1508 oum

204 1552 384 1640 opinionem
408 1552 554 1618 traditam
578 1550 770 1638 argumentis
794 1549 882 1616 novis
905 1551 1061 1616 affirmare
1085 1551 1240 1616 moliatur.
1276 1549 1430 1615 Hammer

204 1666 310 1724 autem
354 1683 399 1724 ca.
438 1658 474 1724 O.
511 1683 627 1722 annum
663 1682 689 1722 a.
725 1657 797 1722 Ohr.
842 1657 992 1745 scriptum
1041 1681 1107 1722 esse
1146 1658 1290 1722 libellum
1328 1687 1364 1724 π.
1402 1663 1427 1724 ἑ.

206 1790 224 1830 a
247 1767 370 1832 rhetore
387 1766 533 1853 quodam,
559 1765 610 1830 oui
633 1765 717 1830 idem
741 1788 855 1829 nomen
872 1764 1054 1830 Demetrius
1070 1765 1189 1840 fuisset,
1215 1765 1429 1829 demonstrare

206 1874 321 1939 studet.
368 1875 482 1938 horum
498 1872 667 1937 sententias
691 1895 874 1959 percurrens
891 1872 1063 1958 compluria
1087 1880 1270 1958 argumenta
1286 1879 1424 1956 tangam,

207 1980 382 2067 exquibus
406 1979 484 2044 mihi
508 2004 633 2066 quoque
657 1979 777 2045 fructus
799 1978 993 2066 percipiendi
1017 1987 1117 2045 erunt.

314 2163 350 2205 ac
373 2140 473 2228 primo
497 2141 565 2204 loco
590 2139 628 2205 de
652 2140 778 2205 nomine
795 2139 931 2205 auctoris
955 2139 1169 2225 quaerendum
1193 2147 1248 2205 est.
1296 2138 1431 2204 traditur

209 2247 292 2313 onim
316 2271 390 2312 sane
414 2271 528 2312 nomen
555 2247 708 2312 Demetrii
741 2247 889 2312 Phalerei
922 2248 1010 2332 qnasi
1047 2246 1182 2312 auctoris
1217 2245 1318 2312 libelli
1342 2275 1377 2314 π.
1404 2253 1429 2313 ἑ,

209 2355 242 2420 in
281 2355 387 2420 codice
426 2354 569 2420 Parisino
610 2354 675 2441 (XI
718 2355 822 2441 soli),
864 2354 918 2440 qni
956 2354 1025 2420 fons
1068 2361 1240 2420 ceterorum
1288 2353 1432 2418 codicum

212 2462 315 2528 libelli
340 2469 394 2528 est.
443 2464 532 2526 cuius
555 2461 588 2525 in
617 2461 718 2526 fronte
745 2463 824 2527 haec
851 2462 1015 2547 leguntur:
1045 2472 1226 2550 Δημητρίου
1258 2466 1432 2551 Φαληρέως

209 2582 283 2658 περὶ
314 2576 486 2658 ἑρμηνείας
510 2567 529 2632 δ’
553 2570 620 2637 ἐστι
645 2582 719 2654 περὶ
744 2572 897 2658 φράσεως.
947 2569 1085 2656 Spengel
1098 2570 1120 2656 ²)
1146 2556 1191 2648 (in
1216 2571 1354 2636 editione
1378 2593 1435 2634 sua

208 2677 271 2740 Rh.
297 2674 354 2740 Gr.
380 2677 439 2740 ΙΙΙ
462 2700 512 2762 pg.
539 2677 614 2757 259)
646 2676 735 2741 uncis
766 2675 895 2742 inclusit
925 2678 1037 2745 verba:
1074 2682 1249 2767 Φαληρέως
1273 2686 1303 2743 et
1327 2676 1346 2742 δ’
1368 2681 1435 2745 ἐστι

209 2796 283 2869 περὶ
296 2785 449 2872 φράσεως,
457 2782 502 2848 ita
511 2789 545 2847 ut
556 2783 758 2869 relinqueret:
771 2793 951 2872 Δημητρίου
964 2799 1037 2875 περὶ
1048 2791 1228 2875 ἑρμηνείας.
1242 2785 1318 2870 quid
1329 2786 1434 2850 enim'?

209 2900 312 2954 nonne
324 2890 402 2954 haec
414 2891 524 2954 eadem
534 2891 629 2955 verba
640 2889 752 2955 titulus
762 2889 795 2954 in
807 2892 869 2955 fine
878 2890 993 2956 codicis
1006 2891 1137 2956 iteratus
1149 2892 1304 2958 continet?
1322 2893 1435 2958 deindo

209 2997 347 3075 titulum,
363 2995 459 3081 quiin
475 2996 627 3084 principio
647 2996 790 3084 opusculi
804 3004 860 3073 est,
872 3021 908 3062 eo
921 2997 1024 3062 minus
1044 2999 1235 3064 confidemus
1255 3023 1320 3064 esse
1337 3000 1436 3085 integ-

211 3129 289 3183 rum,
302 3103 376 3190 quia
395 3102 450 3168 alii
462 3127 587 3190 quoqne
608 3103 702 3179 tituli,
718 3104 772 3190 qui
792 3102 901 3170 insunt
916 3105 950 3168 in
967 3106 1076 3170 eodem
1090 3105 1205 3183 codice,
1226 3107 1437 3172 dubitationes

212 3211 441 3298 quodammado
458 3210 548 3275 nobis
565 3210 711 3276 iniciunt:
730 3211 817 3276 velut
832 3211 867 3286 ie,
886 3212 940 3298 qni
956 3211 1015 3277 arti
1030 3213 1203 3278 rhetoricae
1222 3214 1434 3300 Ps.·Dionysi-

212 3342 285 3384 aeae
308 3317 516 3405 praescriptus
540 3325 604 3383 ost:
641 3327 737 3388 τοῦτο
760 3318 796 3386 νδ
830 3323 1037 3402 μονόβοβλον,
1064 3323 1201 3407 οἶμαι,
1228 3324 1395 3402 Διονύσιος
1419 3327 1437 3386 o‘

218 3423 489 3515 Ἁλικαρνασσεύς
513 3432 698 3505 συνέταξεν,
725 3432 818 3512 atque
841 3426 878 3505 ie,
904 3427 958 3514 qui
981 3428 1137 3513 sequitur:
1164 3429 1362 3518 Μενάνδρου
1387 3433 1438 3516 ῥή-

486 3553 516 3584 Ol)

214 3633 303 3696 τορος
337 3554 523 3673 Ιηένεθλίων
559 3608 712 3697 διαίρεσις
748 3613 815 3673 τῶν
851 3608 1089 3675 &alteramenta
1145 3607 1267 3693 (literas
1309 3607 1438 3693 insuper

215 3711 337 3776 additas
374 3711 497 3798 scripsit
531 3736 613 3776 man.
649 3719 733 3796 sec).
783 3734 884 3798 nequo
918 3714 1009 3778 modo
1047 3713 1167 3778 librarii
1202 3714 1436 3792 dubitaverunt,

214 3842 290 3882 num
314 3818 391 3884 recti
414 3843 453 3883 an
477 3818 548 3883 falsi
564 3819 651 3885 tituli
674 3828 787 3896 essent,
805 3821 859 3885 sed
883 3820 977 3885 etiarn
1001 3821 1144 3885 homines
1168 3821 1365 3899 recentiores,
1383 3822 1438 3906 qni

218 3926 306 3990 illam
331 3933 430 3991 artem
455 3949 521 3991 esse
545 3926 692 4014 seriptam
716 3927 905 4013 aDionysio
922 3928 997 3992 Hal.
1022 3936 1225 4014 negaverunt,
1251 3931 1331 3993 hanc
1357 3933 1435 3996 διαί·

217 4161 533 4168 m

325 4318 344 4386 ¹)
361 4319 395 4374 R.
416 4320 585 4374 Volkmann:
607 4318 642 4372 D.
659 4318 793 4373 Rhetorik
813 4320 837 4373 d.
852 4320 986 4374 Grieohen
1005 4337 1030 4374 u.
1046 4322 1153 4376 Ronrer.
1174 4319 1214 4372 ΙΙ.
1226 4320 1298 4373 Anfl.
1319 4338 1363 4389 μς.
1378 4327 1438 4375 538.

325 4442 346 4511 2)
365 4443 446 4498 Walz
476 4444 505 4496 in
533 4445 586 4498 Rh.
616 4443 663 4497 Gr.
693 4445 744 4497 IX.
777 4444 868 4497 libello
900 4445 941 4498 illi
972 4445 1084 4499 titulum
1114 4445 1220 4498 addidit
1251 4445 1439 4501 imminutum:

220 4539 371 4605 Δημητρίου
391 4534 449 4603 περὶ
469 4533 616 4604 ἑρμηνείας,
